<?xml version="1.0" encoding="UTF-8"?>
<!DOCTYPE html PUBLIC "-//W3C//DTD XHTML 1.0 Transitional//EN"
    "http://www.w3.org/TR/xhtml1/DTD/xhtml1-transitional.dtd">
<html xmlns="http://www.w3.org/1999/xhtml" xml:lang="en" lang="en">
 <head>
  <title>
</title>
<meta http-equiv="Content-Type" content="text/html;charset=utf-8" />
  <meta name='ocr-system' content='tesseract 3.04.00' />
  <meta name='ocr-capabilities' content='ocr_page ocr_carea ocr_par ocr_line ocrx_word'/>
</head>
<body>
  <div class='ocr_page' id='page_1' title='image "./scholiainpsalmo00rosegoog_0019.png"; bbox 0 0 2807 4913; ppageno 0'>
   <div class='ocr_carea' id='block_1_1' title="bbox 1211 156 1244 174">
    <p class='ocr_par' dir='ltr' id='par_1_1' title="bbox 1211 156 1244 174">
     <span class='ocr_line' id='line_1_1' title="bbox 1211 156 1244 174; baseline 0 0"><span class='ocrx_word' id='word_1_1' title='bbox 1211 156 1244 174; x_wconf 51' lang='lat' dir='ltr'>Q</span> 
     </span>
    </p>
   </div>
   <div class='ocr_carea' id='block_1_2' title="bbox 1016 228 2444 377">
    <p class='ocr_par' dir='ltr' id='par_1_2' title="bbox 1016 228 2444 377">
     <span class='ocr_line' id='line_1_2' title="bbox 1016 228 2444 377; baseline 0.004 -34"><span class='ocrx_word' id='word_1_2' title='bbox 1016 274 1657 377; x_wconf 77' lang='lat' dir='ltr'><strong>Prolegomena.</strong></span> <span class='ocrx_word' id='word_1_3' title='bbox 1735 228 1754 255; x_wconf 27' lang='grc' dir='ltr'><strong><em>ἢ</em></strong></span> <span class='ocrx_word' id='word_1_4' title='bbox 2015 344 2018 351; x_wconf 81' lang='grc'>,</span> <span class='ocrx_word' id='word_1_5' title='bbox 2354 278 2444 349; x_wconf 85' lang='grc'><strong>11</strong></span> 
     </span>
    </p>
   </div>
   <div class='ocr_carea' id='block_1_3' title="bbox 201 452 2484 4407">
    <p class='ocr_par' dir='ltr' id='par_1_3' title="bbox 201 452 2484 4407">
     <span class='ocr_line' id='line_1_3' title="bbox 201 452 2458 540; baseline -0 -21"><span class='ocrx_word' id='word_1_6' title='bbox 201 462 443 519; x_wconf 79' lang='lat'>114—</span> <span class='ocrx_word' id='word_1_7' title='bbox 474 459 615 518; x_wconf 81' lang='lat'>119.</span> <span class='ocrx_word' id='word_1_8' title='bbox 664 457 804 523; x_wconf 83' lang='lat'><strong>136.</strong></span> <span class='ocrx_word' id='word_1_9' title='bbox 855 452 1038 538; x_wconf 86' lang='lat'>137.)</span> <span class='ocrx_word' id='word_1_10' title='bbox 1094 467 1234 516; x_wconf 89' lang='lat' dir='ltr'><strong>sunt</strong></span> <span class='ocrx_word' id='word_1_11' title='bbox 1278 461 1657 537; x_wconf 70' lang='lat' dir='ltr'><strong>praescripti,</strong></span> <span class='ocrx_word' id='word_1_12' title='bbox 1726 458 1828 540; x_wconf 86' lang='lat' dir='ltr'><strong>qui</strong></span> <span class='ocrx_word' id='word_1_13' title='bbox 1869 455 1968 515; x_wconf 82' lang='lat' dir='ltr'><strong>vel</strong></span> <span class='ocrx_word' id='word_1_14' title='bbox 2016 474 2297 532; x_wconf 81' lang='lat' dir='ltr'><strong>personas</strong></span> <span class='ocrx_word' id='word_1_15' title='bbox 2351 465 2458 525; x_wconf 83' lang='lat' dir='ltr'><strong>dc-.</strong></span> 
     </span>
     <span class='ocr_line' id='line_1_4' title="bbox 206 569 2451 659; baseline 0 -22"><span class='ocrx_word' id='word_1_16' title='bbox 206 582 499 659; x_wconf 70' lang='lat' dir='ltr'><strong>signant,</strong></span> <span class='ocrx_word' id='word_1_17' title='bbox 544 589 675 638; x_wconf 87' lang='lat' dir='ltr'><strong>tum</strong></span> <span class='ocrx_word' id='word_1_18' title='bbox 710 587 1017 637; x_wconf 87' lang='lat' dir='ltr'><strong>auctorum</strong></span> <span class='ocrx_word' id='word_1_19' title='bbox 1058 572 1185 656; x_wconf 71' lang='lat' dir='ltr'><strong>(Pa.</strong></span> <span class='ocrx_word' id='word_1_20' title='bbox 1213 569 1492 655; x_wconf 83' lang='lat'>4—9.)‚</span> <span class='ocrx_word' id='word_1_21' title='bbox 1530 586 1691 651; x_wconf 86' lang='lat' dir='ltr'><strong>tum,</strong></span> <span class='ocrx_word' id='word_1_22' title='bbox 1728 576 1937 655; x_wconf 85' lang='lat' dir='ltr'><strong>quibus</strong></span> <span class='ocrx_word' id='word_1_23' title='bbox 1966 579 2261 654; x_wconf 73' lang='lat' dir='ltr'><strong>commissi</strong></span> <span class='ocrx_word' id='word_1_24' title='bbox 2293 590 2451 652; x_wconf 84' lang='lat' dir='ltr'><strong>sunt,</strong></span> 
     </span>
     <span class='ocr_line' id='line_1_5' title="bbox 218 690 2451 779; baseline -0 -23"><span class='ocrx_word' id='word_1_25' title='bbox 218 708 533 756; x_wconf 64' lang='lat' dir='ltr'><strong>autorum</strong></span> <span class='ocrx_word' id='word_1_26' title='bbox 577 695 670 779; x_wconf 82' lang='lat'><strong>(4.</strong></span> <span class='ocrx_word' id='word_1_27' title='bbox 710 691 766 752; x_wconf 93' lang='grc'><strong>5.</strong></span> <span class='ocrx_word' id='word_1_28' title='bbox 792 697 851 752; x_wconf 68' lang='lat'><strong>6.</strong></span> <span class='ocrx_word' id='word_1_29' title='bbox 882 697 938 754; x_wconf 90' lang='grc'><strong>8.</strong></span> <span class='ocrx_word' id='word_1_30' title='bbox 968 690 1095 777; x_wconf 85' lang='grc'><strong>9.),</strong></span> <span class='ocrx_word' id='word_1_31' title='bbox 1139 703 1265 754; x_wconf 86' lang='lat' dir='ltr'><strong>tum</strong></span> <span class='ocrx_word' id='word_1_32' title='bbox 1306 713 1509 753; x_wconf 89' lang='lat' dir='ltr'><strong>eorum</strong></span> <span class='ocrx_word' id='word_1_33' title='bbox 1551 712 1815 772; x_wconf 79' lang='lat' dir='ltr'><strong>quoque,</strong></span> <span class='ocrx_word' id='word_1_34' title='bbox 1861 694 1926 750; x_wconf 87' lang='lat' dir='ltr'><strong>in</strong></span> <span class='ocrx_word' id='word_1_35' title='bbox 1961 713 2210 772; x_wconf 84' lang='lat' dir='ltr'><strong>quorum</strong></span> <span class='ocrx_word' id='word_1_36' title='bbox 2252 699 2451 776; x_wconf 76' lang='lat' dir='ltr'><strong>gratia</strong></span> 
     </span>
     <span class='ocr_line' id='line_1_6' title="bbox 239 808 2448 891; baseline 0.001 -22"><span class='ocrx_word' id='word_1_37' title='bbox 239 824 345 873; x_wconf 80' lang='lat' dir='ltr'><strong>sunt</strong></span> <span class='ocrx_word' id='word_1_38' title='bbox 385 812 722 891; x_wconf 74' lang='lat' dir='ltr'><strong>conscripti</strong></span> <span class='ocrx_word' id='word_1_39' title='bbox 776 809 919 886; x_wconf 85' lang='lat'><strong>(⁷2.</strong></span> <span class='ocrx_word' id='word_1_40' title='bbox 969 810 1178 891; x_wconf 81' lang='lat'><strong>1⁰2.);</strong></span> <span class='ocrx_word' id='word_1_41' title='bbox 1247 810 1343 873; x_wconf 76' lang='lat' dir='ltr'><strong>vel</strong></span> <span class='ocrx_word' id='word_1_42' title='bbox 1392 829 1490 870; x_wconf 84' lang='lat' dir='ltr'><strong>res</strong></span> <span class='ocrx_word' id='word_1_43' title='bbox 1548 819 1609 868; x_wconf 83' lang='lat' dir='ltr'><strong>et</strong></span> <span class='ocrx_word' id='word_1_44' title='bbox 1659 808 1815 868; x_wconf 84' lang='lat' dir='ltr'><strong>facta</strong></span> <span class='ocrx_word' id='word_1_45' title='bbox 1874 810 2171 887; x_wconf 81' lang='lat' dir='ltr'><strong>iudicant,</strong></span> <span class='ocrx_word' id='word_1_46' title='bbox 2235 815 2448 891; x_wconf 81' lang='lat' dir='ltr'><strong>quibus</strong></span> 
     </span>
     <span class='ocr_line' id='line_1_7' title="bbox 234 925 2447 1010; baseline 0.001 -22"><span class='ocrx_word' id='word_1_47' title='bbox 234 940 416 1005; x_wconf 73' lang='lat' dir='ltr'><strong>petae</strong></span> <span class='ocrx_word' id='word_1_48' title='bbox 471 931 549 990; x_wconf 91' lang='lat' dir='ltr'><strong>ad</strong></span> <span class='ocrx_word' id='word_1_49' title='bbox 594 932 850 988; x_wconf 84' lang='lat' dir='ltr'><strong>carmina</strong></span> <span class='ocrx_word' id='word_1_50' title='bbox 890 928 1295 1010; x_wconf 34' lang='lat' dir='ltr'><strong>componendas</strong></span> <span class='ocrx_word' id='word_1_51' title='bbox 1326 928 1567 987; x_wconf 84' lang='lat' dir='ltr'><strong>excitati</strong></span> <span class='ocrx_word' id='word_1_52' title='bbox 1606 926 1832 987; x_wconf 83' lang='lat' dir='ltr'><strong>fuerint</strong></span> <span class='ocrx_word' id='word_1_53' title='bbox 1874 925 1967 1007; x_wconf 88' lang='grc'><strong>(7.</strong></span> <span class='ocrx_word' id='word_1_54' title='bbox 2006 925 2107 986; x_wconf 81' lang='grc'><strong>59.</strong></span> <span class='ocrx_word' id='word_1_55' title='bbox 2139 928 2246 997; x_wconf 80' lang='lat'><strong>34.</strong></span> <span class='ocrx_word' id='word_1_56' title='bbox 2276 930 2447 1009; x_wconf 84' lang='lat'><strong>63.);</strong></span> 
     </span>
     <span class='ocr_line' id='line_1_8' title="bbox 227 1040 2447 1128; baseline -0 -24"><span class='ocrx_word' id='word_1_57' title='bbox 227 1047 305 1104; x_wconf 73' lang='lat' dir='ltr'><strong>vel</strong></span> <span class='ocrx_word' id='word_1_58' title='bbox 339 1056 701 1128; x_wconf 71' lang='lat' dir='ltr'><strong>argumenta</strong></span> <span class='ocrx_word' id='word_1_59' title='bbox 730 1048 1096 1128; x_wconf 79' lang='lat' dir='ltr'><strong>singulorum</strong></span> <span class='ocrx_word' id='word_1_60' title='bbox 1128 1043 1253 1104; x_wconf 86' lang='lat' dir='ltr'><strong>Pss.</strong></span> <span class='ocrx_word' id='word_1_61' title='bbox 1285 1044 1581 1103; x_wconf 86' lang='lat' dir='ltr'><strong>declarant</strong></span> <span class='ocrx_word' id='word_1_62' title='bbox 1626 1040 1834 1123; x_wconf 67' lang='lat' dir='ltr'><strong>(nbnn</strong></span> <span class='ocrx_word' id='word_1_63' title='bbox 1869 1044 1965 1103; x_wconf 88' lang='lat' dir='ltr'><strong>Ps.</strong></span> <span class='ocrx_word' id='word_1_64' title='bbox 2003 1048 2096 1104; x_wconf 86' lang='lat'><strong>17.</strong></span> <span class='ocrx_word' id='word_1_65' title='bbox 2127 1047 2250 1121; x_wconf 85' lang='lat'><strong>86.,</strong></span> <span class='ocrx_word' id='word_1_66' title='bbox 2290 1061 2447 1113; x_wconf 66' lang='lat' dir='ltr'><strong>*mm</strong></span> 
     </span>
     <span class='ocr_line' id='line_1_9' title="bbox 213 1160 2447 1242; baseline 0.003 -21"><span class='ocrx_word' id='word_1_67' title='bbox 213 1162 311 1222; x_wconf 70' lang='lat'><strong>1²⁸.</strong></span> <span class='ocrx_word' id='word_1_68' title='bbox 351 1167 537 1238; x_wconf 66' lang='lat' dir='ltr'><strong>loo„</strong></span> <span class='ocrx_word' id='word_1_69' title='bbox 576 1160 768 1230; x_wconf 61' lang='lat' dir='ltr'><strong>nbi-tn</strong></span> <span class='ocrx_word' id='word_1_70' title='bbox 807 1163 908 1222; x_wconf 85' lang='lat' dir='ltr'><strong>Ps.</strong></span> <span class='ocrx_word' id='word_1_71' title='bbox 940 1160 1144 1241; x_wconf 82' lang='lat'>145.);</span> <span class='ocrx_word' id='word_1_72' title='bbox 1190 1163 1286 1223; x_wconf 72' lang='lat' dir='ltr'><strong>vol</strong></span> <span class='ocrx_word' id='word_1_73' title='bbox 1324 1163 1570 1240; x_wconf 82' lang='lat' dir='ltr'><strong>denique</strong></span> <span class='ocrx_word' id='word_1_74' title='bbox 1611 1163 1853 1237; x_wconf 89' lang='lat' dir='ltr'><strong>docent,</strong></span> <span class='ocrx_word' id='word_1_75' title='bbox 1904 1183 2051 1242; x_wconf 87' lang='lat' dir='ltr'><strong>quae</strong></span> <span class='ocrx_word' id='word_1_76' title='bbox 2093 1171 2341 1227; x_wconf 85' lang='lat' dir='ltr'><strong>musices</strong></span> <span class='ocrx_word' id='word_1_77' title='bbox 2386 1179 2447 1230; x_wconf 84' lang='lat' dir='ltr'><strong>et</strong></span> 
     </span>
     <span class='ocr_line' id='line_1_10' title="bbox 211 1261 2484 1359; baseline 0.003 -20"><span class='ocrx_word' id='word_1_78' title='bbox 211 1283 516 1341; x_wconf 76' lang='lat' dir='ltr'><strong>eantionis</strong></span> <span class='ocrx_word' id='word_1_79' title='bbox 559 1280 717 1341; x_wconf 84' lang='lat' dir='ltr'><strong>ratio</strong></span> <span class='ocrx_word' id='word_1_80' title='bbox 759 1283 827 1340; x_wconf 89' lang='lat' dir='ltr'><strong>in</strong></span> <span class='ocrx_word' id='word_1_81' title='bbox 866 1282 944 1340; x_wconf 88' lang='lat' dir='ltr'><strong>iis</strong></span> <span class='ocrx_word' id='word_1_82' title='bbox 990 1281 1367 1341; x_wconf 75' lang='lat' dir='ltr'><strong>decantandis</strong></span> <span class='ocrx_word' id='word_1_83' title='bbox 1412 1279 1593 1339; x_wconf 85' lang='lat' dir='ltr'><strong>fuerit</strong></span> <span class='ocrx_word' id='word_1_84' title='bbox 1638 1278 1959 1340; x_wconf 87' lang='lat' dir='ltr'><strong>adhibenda</strong></span> <span class='ocrx_word' id='word_1_85' title='bbox 2008 1280 2096 1359; x_wconf 80' lang='lat'><strong>(4.</strong></span> <span class='ocrx_word' id='word_1_86' title='bbox 2141 1283 2201 1343; x_wconf 86' lang='lat'><strong>5.</strong></span> <span class='ocrx_word' id='word_1_87' title='bbox 2223 1271 2301 1345; x_wconf 65' lang='lat' dir='ltr'><strong>B.</strong></span> <span class='ocrx_word' id='word_1_88' title='bbox 2342 1261 2484 1346; x_wconf 73' lang='lat'><strong>54.&#39;</strong></span> 
     </span>
     <span class='ocr_line' id='line_1_11' title="bbox 213 1395 2449 1485; baseline 0.004 -32"><span class='ocrx_word' id='word_1_89' title='bbox 213 1395 326 1456; x_wconf 84' lang='lat'><strong>55.</strong></span> <span class='ocrx_word' id='word_1_90' title='bbox 359 1395 496 1474; x_wconf 74' lang='lat' dir='ltr'><strong>al.)-</strong></span> <span class='ocrx_word' id='word_1_91' title='bbox 580 1397 674 1459; x_wconf 87' lang='lat' dir='ltr'><strong>De</strong></span> <span class='ocrx_word' id='word_1_92' title='bbox 718 1418 965 1477; x_wconf 84' lang='lat' dir='ltr'><strong>quorum</strong></span> <span class='ocrx_word' id='word_1_93' title='bbox 1001 1400 1312 1458; x_wconf 87' lang='lat' dir='ltr'><strong>titulorum</strong></span> <span class='ocrx_word' id='word_1_94' title='bbox 1354 1395 1469 1456; x_wconf 87' lang='lat' dir='ltr'><strong>fide</strong></span> <span class='ocrx_word' id='word_1_95' title='bbox 1510 1406 1703 1455; x_wconf 87' lang='lat' dir='ltr'><strong>tamen</strong></span> <span class='ocrx_word' id='word_1_96' title='bbox 1740 1407 1800 1455; x_wconf 85' lang='lat' dir='ltr'><strong>et</strong></span> <span class='ocrx_word' id='word_1_97' title='bbox 1839 1400 2187 1460; x_wconf 84' lang='lat' dir='ltr'><strong>auctoritate</strong></span> <span class='ocrx_word' id='word_1_98' title='bbox 2232 1422 2449 1485; x_wconf 81' lang='lat' dir='ltr'><strong>magna</strong></span> 
     </span>
     <span class='ocr_line' id='line_1_12' title="bbox 212 1513 2446 1595; baseline 0.004 -25"><span class='ocrx_word' id='word_1_99' title='bbox 212 1531 449 1591; x_wconf 83' lang='lat' dir='ltr'><strong>semper</strong></span> <span class='ocrx_word' id='word_1_100' title='bbox 491 1513 608 1575; x_wconf 82' lang='lat' dir='ltr'><strong>fuit</strong></span> <span class='ocrx_word' id='word_1_101' title='bbox 653 1518 1073 1575; x_wconf 87' lang='lat' dir='ltr'><strong>sententiarum</strong></span> <span class='ocrx_word' id='word_1_102' title='bbox 1114 1516 1386 1576; x_wconf 76' lang='lat' dir='ltr'><strong>varietas.</strong></span> <span class='ocrx_word' id='word_1_103' title='bbox 1471 1513 1594 1572; x_wconf 86' lang='lat' dir='ltr'><strong>Alii</strong></span> <span class='ocrx_word' id='word_1_104' title='bbox 1637 1515 1794 1573; x_wconf 90' lang='lat' dir='ltr'><strong>enim</strong></span> <span class='ocrx_word' id='word_1_105' title='bbox 1845 1534 2043 1575; x_wconf 88' lang='lat' dir='ltr'><strong>omnes</strong></span> <span class='ocrx_word' id='word_1_106' title='bbox 2081 1516 2446 1595; x_wconf 82' lang='lat' dir='ltr'><strong>Psalmorum</strong></span> 
     </span>
     <span class='ocr_line' id='line_1_13' title="bbox 212 1630 2446 1715; baseline 0.004 -27"><span class='ocrx_word' id='word_1_107' title='bbox 212 1631 433 1689; x_wconf 88' lang='lat' dir='ltr'><strong>titulos</strong></span> <span class='ocrx_word' id='word_1_108' title='bbox 493 1635 619 1692; x_wconf 89' lang='lat' dir='ltr'><strong>sine</strong></span> <span class='ocrx_word' id='word_1_109' title='bbox 670 1634 833 1692; x_wconf 83' lang='lat' dir='ltr'><strong>omni</strong></span> <span class='ocrx_word' id='word_1_110' title='bbox 880 1634 1215 1692; x_wconf 75' lang='lat' dir='ltr'><strong>discrimIne</strong></span> <span class='ocrx_word' id='word_1_111' title='bbox 1252 1630 1603 1710; x_wconf 88' lang='lat' dir='ltr'><strong>respuendos</strong></span> <span class='ocrx_word' id='word_1_112' title='bbox 1647 1649 1771 1689; x_wconf 87' lang='lat' dir='ltr'><strong>esse</strong></span> <span class='ocrx_word' id='word_1_113' title='bbox 1812 1632 2207 1710; x_wconf 77' lang='lat' dir='ltr'><strong>arbitrantur,</strong></span> <span class='ocrx_word' id='word_1_114' title='bbox 2267 1658 2446 1715; x_wconf 84' lang='lat' dir='ltr'><strong>quum</strong></span> 
     </span>
     <span class='ocr_line' id='line_1_14' title="bbox 202 1745 2443 1832; baseline 0.003 -24"><span class='ocrx_word' id='word_1_115' title='bbox 202 1767 371 1825; x_wconf 78' lang='lat' dir='ltr'><strong>quae</strong></span> <span class='ocrx_word' id='word_1_116' title='bbox 415 1749 484 1806; x_wconf 91' lang='lat' dir='ltr'><strong>in</strong></span> <span class='ocrx_word' id='word_1_117' title='bbox 532 1759 687 1807; x_wconf 85' lang='lat' dir='ltr'><strong>textu</strong></span> <span class='ocrx_word' id='word_1_118' title='bbox 738 1748 899 1808; x_wconf 88' lang='lat' dir='ltr'><strong>hebr.</strong></span> <span class='ocrx_word' id='word_1_119' title='bbox 947 1745 1262 1831; x_wconf 79' lang='lat' dir='ltr'><strong>leguntur,</strong></span> <span class='ocrx_word' id='word_1_120' title='bbox 1320 1769 1358 1809; x_wconf 86' lang='lat' dir='ltr'><strong>a</strong></span> <span class='ocrx_word' id='word_1_121' title='bbox 1403 1749 1824 1810; x_wconf 86' lang='lat' dir='ltr'><strong>recentioribus</strong></span> <span class='ocrx_word' id='word_1_122' title='bbox 1865 1747 2137 1826; x_wconf 76' lang='lat' dir='ltr'><strong>Iudaeis,</strong></span> <span class='ocrx_word' id='word_1_123' title='bbox 2191 1771 2296 1812; x_wconf 89' lang='lat' dir='ltr'><strong>seu</strong></span> <span class='ocrx_word' id='word_1_124' title='bbox 2345 1759 2443 1832; x_wconf 85' lang='lat' dir='ltr'><strong>iis,</strong></span> 
     </span>
     <span class='ocr_line' id='line_1_15' title="bbox 219 1864 2443 1952; baseline 0.006 -32"><span class='ocrx_word' id='word_1_125' title='bbox 219 1866 325 1940; x_wconf 86' lang='lat' dir='ltr'><strong>qui</strong></span> <span class='ocrx_word' id='word_1_126' title='bbox 354 1865 619 1925; x_wconf 80' lang='lat' dir='ltr'><strong>Psalmos</strong></span> <span class='ocrx_word' id='word_1_127' title='bbox 650 1868 1029 1947; x_wconf 85' lang='lat' dir='ltr'><strong>collegerunt,</strong></span> <span class='ocrx_word' id='word_1_128' title='bbox 1069 1868 1191 1925; x_wconf 90' lang='lat' dir='ltr'><strong>sint</strong></span> <span class='ocrx_word' id='word_1_129' title='bbox 1225 1864 1513 1944; x_wconf 86' lang='lat' dir='ltr'><strong>adposita,</strong></span> <span class='ocrx_word' id='word_1_130' title='bbox 1553 1884 1701 1942; x_wconf 82' lang='lat' dir='ltr'><strong>quae</strong></span> <span class='ocrx_word' id='word_1_131' title='bbox 1728 1866 1954 1926; x_wconf 85' lang='lat' dir='ltr'><strong>Graeca</strong></span> <span class='ocrx_word' id='word_1_132' title='bbox 1982 1887 2143 1943; x_wconf 82' lang='lat' dir='ltr'><strong>vero,</strong></span> <span class='ocrx_word' id='word_1_133' title='bbox 2172 1869 2443 1952; x_wconf 78' lang='lat' dir='ltr'><strong>Arabica,</strong></span> 
     </span>
     <span class='ocr_line' id='line_1_16' title="bbox 228 1981 2444 2062; baseline 0.005 -22"><span class='ocrx_word' id='word_1_134' title='bbox 228 1981 512 2058; x_wconf 73' lang='lat' dir='ltr'><strong>Syriaca,</strong></span> <span class='ocrx_word' id='word_1_135' title='bbox 581 1993 642 2042; x_wconf 86' lang='lat' dir='ltr'><strong>et</strong></span> <span class='ocrx_word' id='word_1_136' title='bbox 683 1993 851 2043; x_wconf 80' lang='lat' dir='ltr'><strong>vetus</strong></span> <span class='ocrx_word' id='word_1_137' title='bbox 891 1983 1103 2044; x_wconf 79' lang='lat' dir='ltr'><strong>Latina</strong></span> <span class='ocrx_word' id='word_1_138' title='bbox 1138 1986 1330 2044; x_wconf 80' lang='lat' dir='ltr'><strong>versio</strong></span> <span class='ocrx_word' id='word_1_139' title='bbox 1379 1984 1586 2058; x_wconf 85' lang='lat' dir='ltr'><strong>habet,</strong></span> <span class='ocrx_word' id='word_1_140' title='bbox 1651 2003 1760 2060; x_wconf 90' lang='lat' dir='ltr'><strong>pro</strong></span> <span class='ocrx_word' id='word_1_141' title='bbox 1818 1985 2200 2062; x_wconf 82' lang='lat' dir='ltr'><strong>interpretum</strong></span> <span class='ocrx_word' id='word_1_142' title='bbox 2249 1990 2444 2052; x_wconf 84' lang='lat' dir='ltr'><strong>lubitu</strong></span> 
     </span>
     <span class='ocr_line' id='line_1_17' title="bbox 224 2099 2444 2177; baseline 0.005 -21"><span class='ocrx_word' id='word_1_143' title='bbox 224 2099 518 2177; x_wconf 77' lang='lat' dir='ltr'><strong>adscripta</strong></span> <span class='ocrx_word' id='word_1_144' title='bbox 569 2103 711 2159; x_wconf 86' lang='lat' dir='ltr'><strong>sint.</strong></span> <span class='ocrx_word' id='word_1_145' title='bbox 811 2100 936 2160; x_wconf 90' lang='lat' dir='ltr'><strong>Alii</strong></span> <span class='ocrx_word' id='word_1_146' title='bbox 988 2109 1193 2160; x_wconf 86' lang='lat' dir='ltr'><strong>contra</strong></span> <span class='ocrx_word' id='word_1_147' title='bbox 1249 2120 1447 2163; x_wconf 86' lang='lat' dir='ltr'><strong>omnes</strong></span> <span class='ocrx_word' id='word_1_148' title='bbox 1501 2101 1944 2177; x_wconf 86' lang='lat' dir='ltr'><strong>inscriptiones,</strong></span> <span class='ocrx_word' id='word_1_149' title='bbox 2012 2102 2265 2164; x_wconf 83' lang='lat' dir='ltr'><strong>Graecas</strong></span> <span class='ocrx_word' id='word_1_150' title='bbox 2323 2127 2444 2168; x_wconf 93' lang='lat' dir='ltr'><strong>non</strong></span> 
     </span>
     <span class='ocr_line' id='line_1_18' title="bbox 215 2187 2443 2299; baseline 0.005 -25"><span class='ocrx_word' id='word_1_151' title='bbox 215 2220 418 2275; x_wconf 83' lang='lat' dir='ltr'><strong>minus</strong></span> <span class='ocrx_word' id='word_1_152' title='bbox 467 2226 642 2295; x_wconf 85' lang='lat' dir='ltr'><strong>atque</strong></span> <span class='ocrx_word' id='word_1_153' title='bbox 684 2187 1005 2277; x_wconf 71' lang='lat' dir='ltr'><strong>Hebraicas</strong></span> <span class='ocrx_word' id='word_1_154' title='bbox 1057 2237 1164 2296; x_wconf 88' lang='lat' dir='ltr'><strong>pro</strong></span> <span class='ocrx_word' id='word_1_155' title='bbox 1214 2220 1488 2299; x_wconf 79' lang='lat' dir='ltr'><strong>genuinis</strong></span> <span class='ocrx_word' id='word_1_156' title='bbox 1539 2226 1601 2276; x_wconf 88' lang='lat' dir='ltr'><strong>et</strong></span> <span class='ocrx_word' id='word_1_157' title='bbox 1657 2217 1769 2275; x_wconf 86' lang='lat' dir='ltr'><strong>fide</strong></span> <span class='ocrx_word' id='word_1_158' title='bbox 1818 2216 2014 2298; x_wconf 73' lang='lat' dir='ltr'><strong>dignis</strong></span> <span class='ocrx_word' id='word_1_159' title='bbox 2059 2219 2311 2297; x_wconf 83' lang='lat' dir='ltr'><strong>habent,</strong></span> <span class='ocrx_word' id='word_1_160' title='bbox 2373 2236 2443 2285; x_wconf 86' lang='lat' dir='ltr'><strong>ut</strong></span> 
     </span>
     <span class='ocr_line' id='line_1_19' title="bbox 217 2334 2443 2414; baseline 0.005 -24"><span class='ocrx_word' id='word_1_161' title='bbox 217 2335 469 2410; x_wconf 85' lang='lat' dir='ltr'><strong>plurimi</strong></span> <span class='ocrx_word' id='word_1_162' title='bbox 509 2334 753 2394; x_wconf 87' lang='lat' dir='ltr'><strong>Patrum</strong></span> <span class='ocrx_word' id='word_1_163' title='bbox 769 2376 790 2412; x_wconf 88' lang='lat'>,</span> <span class='ocrx_word' id='word_1_164' title='bbox 863 2337 966 2414; x_wconf 86' lang='lat' dir='ltr'><strong>qui</strong></span> <span class='ocrx_word' id='word_1_165' title='bbox 1013 2338 1251 2395; x_wconf 88' lang='lat' dir='ltr'><strong>eandem</strong></span> <span class='ocrx_word' id='word_1_166' title='bbox 1298 2335 1556 2396; x_wconf 74' lang='lat' dir='ltr'><strong>Graecae</strong></span> <span class='ocrx_word' id='word_1_167' title='bbox 1607 2334 1867 2392; x_wconf 80' lang='lat' dir='ltr'><strong>versioni</strong></span> <span class='ocrx_word' id='word_1_168' title='bbox 1910 2341 2295 2398; x_wconf 84' lang='lat' dir='ltr'><strong>reverentiam</strong></span> <span class='ocrx_word' id='word_1_169' title='bbox 2335 2361 2443 2400; x_wconf 88' lang='lat' dir='ltr'><strong>ex·-</strong></span> 
     </span>
     <span class='ocr_line' id='line_1_20' title="bbox 221 2449 2442 2536; baseline 0.005 -27"><span class='ocrx_word' id='word_1_170' title='bbox 221 2449 578 2526; x_wconf 82' lang='lat' dir='ltr'><strong>hibuerunt‚</strong></span> <span class='ocrx_word' id='word_1_171' title='bbox 642 2472 815 2531; x_wconf 87' lang='lat' dir='ltr'><strong>quam</strong></span> <span class='ocrx_word' id='word_1_172' title='bbox 858 2454 1002 2532; x_wconf 90' lang='lat' dir='ltr'><strong>ipsis</strong></span> <span class='ocrx_word' id='word_1_173' title='bbox 1046 2453 1303 2514; x_wconf 83' lang='lat' dir='ltr'><strong>fontibus</strong></span> <span class='ocrx_word' id='word_1_174' title='bbox 1343 2451 1626 2513; x_wconf 86' lang='lat' dir='ltr'><strong>Hebraeis</strong></span> <span class='ocrx_word' id='word_1_175' title='bbox 1673 2450 1938 2509; x_wconf 87' lang='lat' dir='ltr'><strong>solemus.</strong></span> <span class='ocrx_word' id='word_1_176' title='bbox 1979 2496 1985 2502; x_wconf 83' lang='grc'>-</span> <span class='ocrx_word' id='word_1_177' title='bbox 2021 2452 2144 2512; x_wconf 86' lang='lat' dir='ltr'><strong>Alii</strong></span> <span class='ocrx_word' id='word_1_178' title='bbox 2194 2456 2442 2536; x_wconf 82' lang='lat' dir='ltr'><strong>denique</strong></span> 
     </span>
     <span class='ocr_line' id='line_1_21' title="bbox 219 2545 2443 2650; baseline 0.004 -23"><span class='ocrx_word' id='word_1_179' title='bbox 219 2567 545 2628; x_wconf 84' lang='lat' dir='ltr'><strong>Hebraicas</strong></span> <span class='ocrx_word' id='word_1_180' title='bbox 587 2577 818 2627; x_wconf 86' lang='lat' dir='ltr'><strong>tantum</strong></span> <span class='ocrx_word' id='word_1_181' title='bbox 853 2570 1263 2650; x_wconf 81' lang='lat' dir='ltr'><strong>inscriptiones</strong></span> <span class='ocrx_word' id='word_1_182' title='bbox 1304 2570 1634 2647; x_wconf 86' lang='lat' dir='ltr'><strong>recipiunt,</strong></span> <span class='ocrx_word' id='word_1_183' title='bbox 1688 2576 1749 2626; x_wconf 87' lang='lat' dir='ltr'><strong>et</strong></span> <span class='ocrx_word' id='word_1_184' title='bbox 1786 2568 1857 2626; x_wconf 88' lang='lat' dir='ltr'><strong>ab</strong></span> <span class='ocrx_word' id='word_1_185' title='bbox 1895 2545 2052 2647; x_wconf 16' lang='lat' dir='ltr'><strong>ipsis*</strong></span> <span class='ocrx_word' id='word_1_186' title='bbox 2072 2570 2443 2637; x_wconf 86' lang='lat' dir='ltr'><strong>Psalmorum</strong></span> 
     </span>
     <span class='ocr_line' id='line_1_22' title="bbox 221 2686 2440 2771; baseline 0.006 -28"><span class='ocrx_word' id='word_1_187' title='bbox 221 2688 567 2745; x_wconf 86' lang='lat' dir='ltr'><strong>auctoribus</strong></span> <span class='ocrx_word' id='word_1_188' title='bbox 623 2686 908 2763; x_wconf 85' lang='lat' dir='ltr'><strong>profectas</strong></span> <span class='ocrx_word' id='word_1_189' title='bbox 964 2709 1090 2748; x_wconf 88' lang='lat' dir='ltr'><strong>esse</strong></span> <span class='ocrx_word' id='word_1_190' title='bbox 1142 2688 1385 2747; x_wconf 85' lang='lat' dir='ltr'><strong>credunt</strong></span> <span class='ocrx_word' id='word_1_191' title='bbox 1400 2727 1422 2761; x_wconf 84' lang='lat'>‚</span> <span class='ocrx_word' id='word_1_192' title='bbox 1493 2687 1724 2762; x_wconf 81' lang='lat' dir='ltr'><strong>rejectis</strong></span> <span class='ocrx_word' id='word_1_193' title='bbox 1789 2687 2054 2748; x_wconf 81' lang='lat' dir='ltr'><strong>omnibus</strong></span> <span class='ocrx_word' id='word_1_194' title='bbox 2069 2731 2090 2764; x_wconf 89' lang='lat'>‚</span> <span class='ocrx_word' id='word_1_195' title='bbox 2166 2713 2312 2771; x_wconf 87' lang='lat' dir='ltr'><strong>quae</strong></span> <span class='ocrx_word' id='word_1_196' title='bbox 2373 2698 2440 2756; x_wconf 89' lang='lat' dir='ltr'><strong>in</strong></span> 
     </span>
     <span class='ocr_line' id='line_1_23' title="bbox 223 2803 2442 2891; baseline 0.005 -30"><span class='ocrx_word' id='word_1_197' title='bbox 223 2803 457 2861; x_wconf 79' lang='lat' dir='ltr'><strong>Graeca</strong></span> <span class='ocrx_word' id='word_1_198' title='bbox 473 2843 492 2876; x_wconf 92' lang='lat'>‚</span> <span class='ocrx_word' id='word_1_199' title='bbox 543 2805 795 2865; x_wconf 83' lang='lat' dir='ltr'><strong>Arabica</strong></span> <span class='ocrx_word' id='word_1_200' title='bbox 834 2818 892 2865; x_wconf 88' lang='lat' dir='ltr'><strong>et</strong></span> <span class='ocrx_word' id='word_1_201' title='bbox 934 2805 1180 2883; x_wconf 75' lang='lat' dir='ltr'><strong>Syriaca</strong></span> <span class='ocrx_word' id='word_1_202' title='bbox 1232 2804 1615 2864; x_wconf 82' lang='lat' dir='ltr'><strong>translatione</strong></span> <span class='ocrx_word' id='word_1_203' title='bbox 1660 2806 1955 2885; x_wconf 81' lang='lat' dir='ltr'><strong>leguntur.</strong></span> <span class='ocrx_word' id='word_1_204' title='bbox 2037 2807 2149 2867; x_wconf 89' lang='lat' dir='ltr'><strong>His</strong></span> <span class='ocrx_word' id='word_1_205' title='bbox 2195 2812 2442 2891; x_wconf 84' lang='lat' dir='ltr'><strong>denique</strong></span> 
     </span>
     <span class='ocr_line' id='line_1_24' title="bbox 222 2918 2442 3007; baseline 0.007 -32"><span class='ocrx_word' id='word_1_206' title='bbox 222 2918 650 2979; x_wconf 80' lang='lat' dir='ltr'><strong>adnumerandi</strong></span> <span class='ocrx_word' id='word_1_207' title='bbox 664 2931 846 2997; x_wconf 73' lang='lat' dir='ltr'><strong>sunt,</strong></span> <span class='ocrx_word' id='word_1_208' title='bbox 889 2923 990 3000; x_wconf 88' lang='lat' dir='ltr'><strong>qui</strong></span> <span class='ocrx_word' id='word_1_209' title='bbox 1026 2922 1165 2980; x_wconf 90' lang='lat' dir='ltr'><strong>licet</strong></span> <span class='ocrx_word' id='word_1_210' title='bbox 1200 2921 1272 2979; x_wconf 86' lang='lat' dir='ltr'><strong>ab</strong></span> <span class='ocrx_word' id='word_1_211' title='bbox 1312 2922 1457 2997; x_wconf 89' lang='lat' dir='ltr'><strong>ipsis</strong></span> <span class='ocrx_word' id='word_1_212' title='bbox 1488 2918 1618 2979; x_wconf 85' lang='lat' dir='ltr'><strong>Pss.</strong></span> <span class='ocrx_word' id='word_1_213' title='bbox 1659 2924 2006 2983; x_wconf 77' lang='lat' dir='ltr'><strong>auctoribus</strong></span> <span class='ocrx_word' id='word_1_214' title='bbox 2033 2926 2442 3007; x_wconf 82' lang='lat' dir='ltr'><strong>inscriptiones</strong></span> 
     </span>
     <span class='ocr_line' id='line_1_25' title="bbox 224 3011 2439 3114; baseline 0.007 -22"><span class='ocrx_word' id='word_1_215' title='bbox 224 3034 515 3112; x_wconf 80' lang='lat' dir='ltr'><strong>profectas</strong></span> <span class='ocrx_word' id='word_1_216' title='bbox 554 3057 679 3096; x_wconf 83' lang='lat' dir='ltr'><strong>asse</strong></span> <span class='ocrx_word' id='word_1_217' title='bbox 714 3058 837 3098; x_wconf 91' lang='lat' dir='ltr'><strong>non</strong></span> <span class='ocrx_word' id='word_1_218' title='bbox 870 3040 1128 3114; x_wconf 84' lang='lat' dir='ltr'><strong>credant,</strong></span> <span class='ocrx_word' id='word_1_219' title='bbox 1171 3039 1243 3098; x_wconf 88' lang='lat' dir='ltr'><strong>ab</strong></span> <span class='ocrx_word' id='word_1_220' title='bbox 1274 3011 1428 3098; x_wconf 77' lang='lat' dir='ltr'><strong>Esra</strong></span> <span class='ocrx_word' id='word_1_221' title='bbox 1465 3047 1657 3097; x_wconf 86' lang='lat' dir='ltr'><strong>tamen</strong></span> <span class='ocrx_word' id='word_1_222' title='bbox 1699 3050 1757 3097; x_wconf 86' lang='lat' dir='ltr'><strong>et</strong></span> <span class='ocrx_word' id='word_1_223' title='bbox 1782 3039 2061 3100; x_wconf 78' lang='lat' dir='ltr'><strong>Nehemia</strong></span> <span class='ocrx_word' id='word_1_224' title='bbox 2090 3048 2439 3107; x_wconf 84' lang='lat' dir='ltr'><strong>carminibus</strong></span> 
     </span>
     <span class='ocr_line' id='line_1_26' title="bbox 224 3152 2440 3233; baseline 0.007 -25"><span class='ocrx_word' id='word_1_225' title='bbox 224 3152 362 3209; x_wconf 86' lang='lat' dir='ltr'><strong>illas</strong></span> <span class='ocrx_word' id='word_1_226' title='bbox 411 3153 733 3232; x_wconf 86' lang='lat' dir='ltr'><strong>adscriptas</strong></span> <span class='ocrx_word' id='word_1_227' title='bbox 779 3158 1138 3217; x_wconf 81' lang='lat' dir='ltr'><strong>existimant.</strong></span> <span class='ocrx_word' id='word_1_228' title='bbox 1238 3157 1318 3216; x_wconf 84' lang='lat' dir='ltr'><strong>At</strong></span> <span class='ocrx_word' id='word_1_229' title='bbox 1366 3158 1629 3233; x_wconf 79' lang='lat' dir='ltr'><strong>quamvis</strong></span> <span class='ocrx_word' id='word_1_230' title='bbox 1671 3154 1818 3215; x_wconf 84' lang='lat' dir='ltr'><strong>mir-e</strong></span> <span class='ocrx_word' id='word_1_231' title='bbox 1860 3155 2123 3217; x_wconf 82' lang='lat' dir='ltr'><strong>diversae</strong></span> <span class='ocrx_word' id='word_1_232' title='bbox 2165 3164 2288 3221; x_wconf 87' lang='lat' dir='ltr'><strong>sint</strong></span> <span class='ocrx_word' id='word_1_233' title='bbox 2332 3164 2440 3224; x_wconf 81' lang='lat' dir='ltr'><strong>hae</strong></span> 
     </span>
     <span class='ocr_line' id='line_1_27' title="bbox 225 3268 2439 3356; baseline 0.007 -31"><span class='ocrx_word' id='word_1_234' title='bbox 225 3268 570 3345; x_wconf 78' lang='lat' dir='ltr'><strong>opIniones‚</strong></span> <span class='ocrx_word' id='word_1_235' title='bbox 609 3276 778 3332; x_wconf 92' lang='lat' dir='ltr'><strong>nulla</strong></span> <span class='ocrx_word' id='word_1_236' title='bbox 807 3285 1001 3334; x_wconf 87' lang='lat' dir='ltr'><strong>tamen</strong></span> <span class='ocrx_word' id='word_1_237' title='bbox 1036 3294 1235 3334; x_wconf 88' lang='lat' dir='ltr'><strong>earum</strong></span> <span class='ocrx_word' id='word_1_238' title='bbox 1267 3283 1390 3348; x_wconf 88' lang='lat' dir='ltr'><strong>est,</strong></span> <span class='ocrx_word' id='word_1_239' title='bbox 1431 3290 1576 3351; x_wconf 85' lang='lat' dir='ltr'><strong>quae</strong></span> <span class='ocrx_word' id='word_1_240' title='bbox 1613 3277 1970 3354; x_wconf 83' lang='lat' dir='ltr'><strong>argumentis</strong></span> <span class='ocrx_word' id='word_1_241' title='bbox 2005 3273 2159 3335; x_wconf 85' lang='lat' dir='ltr'><strong>haud</strong></span> <span class='ocrx_word' id='word_1_242' title='bbox 2197 3299 2439 3356; x_wconf 87' lang='lat' dir='ltr'><strong>prorsus</strong></span> 
     </span>
     <span class='ocr_line' id='line_1_28' title="bbox 224 3385 2443 3471; baseline 0.006 -28"><span class='ocrx_word' id='word_1_243' title='bbox 224 3385 660 3452; x_wconf 79' lang='lat' dir='ltr'><strong>contemnendis</strong></span> <span class='ocrx_word' id='word_1_244' title='bbox 703 3410 826 3450; x_wconf 88' lang='lat' dir='ltr'><strong>non</strong></span> <span class='ocrx_word' id='word_1_245' title='bbox 863 3394 1152 3452; x_wconf 88' lang='lat' dir='ltr'><strong>instructa</strong></span> <span class='ocrx_word' id='word_1_246' title='bbox 1189 3393 1303 3466; x_wconf 86' lang='lat' dir='ltr'><strong>sit,</strong></span> <span class='ocrx_word' id='word_1_247' title='bbox 1355 3393 1521 3450; x_wconf 90' lang='lat' dir='ltr'><strong>nulla</strong></span> <span class='ocrx_word' id='word_1_248' title='bbox 1556 3389 1699 3451; x_wconf 87' lang='lat' dir='ltr'><strong>adeo</strong></span> <span class='ocrx_word' id='word_1_249' title='bbox 1743 3390 1897 3450; x_wconf 85' lang='lat' dir='ltr'><strong>falsa</strong></span> <span class='ocrx_word' id='word_1_250' title='bbox 1920 3400 2059 3466; x_wconf 87' lang='lat' dir='ltr'><strong>·est,</strong></span> <span class='ocrx_word' id='word_1_251' title='bbox 2097 3396 2256 3471; x_wconf 48' lang='lat' dir='ltr'><strong>*quin</strong></span> <span class='ocrx_word' id='word_1_252' title='bbox 2284 3400 2443 3457; x_wconf 80' lang='lat' dir='ltr'><strong>veri-</strong></span> 
     </span>
     <span class='ocr_line' id='line_1_29' title="bbox 224 3487 2441 3589; baseline 0.005 -28"><span class='ocrx_word' id='word_1_253' title='bbox 224 3505 370 3562; x_wconf 83' lang='lat' dir='ltr'><strong>tatis</strong></span> <span class='ocrx_word' id='word_1_254' title='bbox 417 3509 765 3583; x_wconf 86' lang='lat' dir='ltr'><strong>particulam</strong></span> <span class='ocrx_word' id='word_1_255' title='bbox 823 3512 1075 3587; x_wconf 87' lang='lat' dir='ltr'><strong>aliquam</strong></span> <span class='ocrx_word' id='word_1_256' title='bbox 1133 3509 1359 3568; x_wconf 87' lang='lat' dir='ltr'><strong>habeat.</strong></span> <span class='ocrx_word' id='word_1_257' title='bbox 1455 3487 1668 3586; x_wconf 29' lang='lat' dir='ltr'><strong>Atque*</strong></span> <span class='ocrx_word' id='word_1_258' title='bbox 1698 3510 1770 3567; x_wconf 86' lang='lat' dir='ltr'><strong>ab</strong></span> <span class='ocrx_word' id='word_1_259' title='bbox 1827 3509 1971 3587; x_wconf 88' lang='lat' dir='ltr'><strong>ipsis</strong></span> <span class='ocrx_word' id='word_1_260' title='bbox 2030 3511 2260 3589; x_wconf 87' lang='lat' dir='ltr'><strong>quidem</strong></span> <span class='ocrx_word' id='word_1_261' title='bbox 2309 3512 2441 3573; x_wconf 86' lang='lat' dir='ltr'><strong>Pss.</strong></span> 
     </span>
     <span class='ocr_line' id='line_1_30' title="bbox 223 3607 2439 3706; baseline 0.005 -28"><span class='ocrx_word' id='word_1_262' title='bbox 223 3624 563 3682; x_wconf 83' lang='lat' dir='ltr'><strong>auctoribus</strong></span> <span class='ocrx_word' id='word_1_263' title='bbox 599 3627 808 3685; x_wconf 81' lang='lat' dir='ltr'><strong>titulos</strong></span> <span class='ocrx_word' id='word_1_264' title='bbox 851 3629 1234 3706; x_wconf 84' lang='lat' dir='ltr'><strong>praescriptos</strong></span> <span class='ocrx_word' id='word_1_265' title='bbox 1276 3617 1434 3700; x_wconf 49' lang='lat' dir='ltr'><strong>esse,⁴</strong></span> <span class='ocrx_word' id='word_1_266' title='bbox 1459 3645 1533 3684; x_wconf 79' lang='lat' dir='ltr'><strong>ex</strong></span> <span class='ocrx_word' id='word_1_267' title='bbox 1563 3607 1864 3704; x_wconf 78' lang='lat' dir='ltr'><strong>poetarum</strong></span> <span class='ocrx_word' id='word_1_268' title='bbox 1895 3628 2262 3687; x_wconf 87' lang='lat' dir='ltr'><strong>orientalium</strong></span> <span class='ocrx_word' id='word_1_269' title='bbox 2296 3650 2439 3689; x_wconf 87' lang='lat' dir='ltr'><strong>con-</strong></span> 
     </span>
     <span class='ocr_line' id='line_1_31' title="bbox 223 3741 2456 3821; baseline 0.005 -25"><span class='ocrx_word' id='word_1_270' title='bbox 223 3741 533 3799; x_wconf 87' lang='lat' dir='ltr'><strong>suetudine</strong></span> <span class='ocrx_word' id='word_1_271' title='bbox 578 3761 856 3821; x_wconf 87' lang='lat' dir='ltr'><strong>perquam</strong></span> <span class='ocrx_word' id='word_1_272' title='bbox 901 3744 971 3802; x_wconf 84' lang='lat' dir='ltr'><strong>fit</strong></span> <span class='ocrx_word' id='word_1_273' title='bbox 1014 3746 1346 3803; x_wconf 85' lang='lat' dir='ltr'><strong>verisimile.</strong></span> <span class='ocrx_word' id='word_1_274' title='bbox 1444 3743 1528 3803; x_wconf 92' lang='lat' dir='ltr'><strong>Hi</strong></span> <span class='ocrx_word' id='word_1_275' title='bbox 1579 3745 1730 3801; x_wconf 90' lang='lat' dir='ltr'><strong>enim</strong></span> <span class='ocrx_word' id='word_1_276' title='bbox 1782 3744 1847 3801; x_wconf 91' lang='lat' dir='ltr'><strong>in</strong></span> <span class='ocrx_word' id='word_1_277' title='bbox 1906 3745 2180 3804; x_wconf 88' lang='lat' dir='ltr'><strong>carminis</strong></span> <span class='ocrx_word' id='word_1_278' title='bbox 2235 3750 2456 3809; x_wconf 84' lang='lat' dir='ltr'><strong>limine&#39;</strong></span> 
     </span>
     <span class='ocr_line' id='line_1_32' title="bbox 223 3859 2438 3940; baseline 0.005 -27"><span class='ocrx_word' id='word_1_279' title='bbox 223 3865 430 3933; x_wconf 88' lang='lat' dir='ltr'><strong>poetae</strong></span> <span class='ocrx_word' id='word_1_280' title='bbox 462 3877 699 3934; x_wconf 86' lang='lat' dir='ltr'><strong>nomen,</strong></span> <span class='ocrx_word' id='word_1_281' title='bbox 744 3870 915 3940; x_wconf 86' lang='lat' dir='ltr'><strong>atque</strong></span> <span class='ocrx_word' id='word_1_282' title='bbox 950 3859 1242 3920; x_wconf 88' lang='lat' dir='ltr'><strong>interdum</strong></span> <span class='ocrx_word' id='word_1_283' title='bbox 1277 3880 1505 3940; x_wconf 81' lang='lat' dir='ltr'><strong>quoque</strong></span> <span class='ocrx_word' id='word_1_284' title='bbox 1533 3870 1774 3937; x_wconf 87' lang='lat' dir='ltr'><strong>tempus,</strong></span> <span class='ocrx_word' id='word_1_285' title='bbox 1818 3880 1931 3939; x_wconf 91' lang='lat' dir='ltr'><strong>quo</strong></span> <span class='ocrx_word' id='word_1_286' title='bbox 1964 3881 2192 3922; x_wconf 87' lang='lat' dir='ltr'><strong>carmen</strong></span> <span class='ocrx_word' id='word_1_287' title='bbox 2218 3865 2438 3926; x_wconf 86' lang='lat' dir='ltr'><strong>dictum</strong></span> 
     </span>
     <span class='ocr_line' id='line_1_33' title="bbox 222 3976 2436 4056; baseline 0.004 -25"><span class='ocrx_word' id='word_1_288' title='bbox 222 3982 348 4047; x_wconf 81' lang='lat' dir='ltr'><strong>est,</strong></span> <span class='ocrx_word' id='word_1_289' title='bbox 412 3994 628 4051; x_wconf 88' lang='lat' dir='ltr'><strong>ponere</strong></span> <span class='ocrx_word' id='word_1_290' title='bbox 673 3981 885 4039; x_wconf 87' lang='lat' dir='ltr'><strong>solent.</strong></span> <span class='ocrx_word' id='word_1_291' title='bbox 970 3976 1129 4037; x_wconf 87' lang='lat' dir='ltr'><strong>Idem</strong></span> <span class='ocrx_word' id='word_1_292' title='bbox 1169 3985 1393 4056; x_wconf 85' lang='lat' dir='ltr'><strong>quoque</strong></span> <span class='ocrx_word' id='word_1_293' title='bbox 1437 3977 1717 4044; x_wconf 76' lang='lat' dir='ltr'><strong>Hebraeis</strong></span> <span class='ocrx_word' id='word_1_294' title='bbox 1773 3996 1897 4036; x_wconf 89' lang='lat' dir='ltr'><strong>mos</strong></span> <span class='ocrx_word' id='word_1_295' title='bbox 1953 3978 2137 4035; x_wconf 84' lang='lat' dir='ltr'><strong>fuisse</strong></span> <span class='ocrx_word' id='word_1_296' title='bbox 2189 3980 2436 4044; x_wconf 83' lang='lat' dir='ltr'><strong>videtur.</strong></span> 
     </span>
     <span class='ocr_line' id='line_1_34' title="bbox 224 4090 2436 4179; baseline 0.002 -28"><span class='ocrx_word' id='word_1_297' title='bbox 224 4090 647 4169; x_wconf 82' lang='lat' dir='ltr'><strong>Prophetarum</strong></span> <span class='ocrx_word' id='word_1_298' title='bbox 681 4097 978 4155; x_wconf 80' lang='lat' dir='ltr'><strong>vaticiniis</strong></span> <span class='ocrx_word' id='word_1_299' title='bbox 994 4136 1015 4170; x_wconf 89' lang='lat'><strong>,</strong></span> <span class='ocrx_word' id='word_1_300' title='bbox 1069 4112 1214 4172; x_wconf 86' lang='lat' dir='ltr'><strong>quae</strong></span> <span class='ocrx_word' id='word_1_301' title='bbox 1252 4105 1517 4173; x_wconf 90' lang='lat' dir='ltr'><strong>poemata</strong></span> <span class='ocrx_word' id='word_1_302' title='bbox 1558 4112 1679 4152; x_wconf 85' lang='lat' dir='ltr'><strong>esse</strong></span> <span class='ocrx_word' id='word_1_303' title='bbox 1730 4113 1897 4154; x_wconf 87' lang='lat' dir='ltr'><strong>nemo</strong></span> <span class='ocrx_word' id='word_1_304' title='bbox 1943 4095 2205 4171; x_wconf 87' lang='lat' dir='ltr'><strong>dubitat,</strong></span> <span class='ocrx_word' id='word_1_305' title='bbox 2261 4102 2436 4179; x_wconf 82' lang='lat' dir='ltr'><strong>longe</strong></span> 
     </span>
     <span class='ocr_line' id='line_1_35' title="bbox 229 4210 2438 4291; baseline 0.002 -27"><span class='ocrx_word' id='word_1_306' title='bbox 229 4210 516 4284; x_wconf 82' lang='lat' dir='ltr'><strong>plerisque</strong></span> <span class='ocrx_word' id='word_1_307' title='bbox 566 4230 779 4270; x_wconf 89' lang='lat' dir='ltr'><strong>nomen</strong></span> <span class='ocrx_word' id='word_1_308' title='bbox 832 4214 987 4272; x_wconf 83' lang='lat' dir='ltr'><strong>vatis</strong></span> <span class='ocrx_word' id='word_1_309' title='bbox 1037 4221 1096 4269; x_wconf 87' lang='lat' dir='ltr'><strong>et</strong></span> <span class='ocrx_word' id='word_1_310' title='bbox 1150 4222 1374 4289; x_wconf 87' lang='lat' dir='ltr'><strong>tempus</strong></span> <span class='ocrx_word' id='word_1_311' title='bbox 1392 4253 1414 4286; x_wconf 89' lang='lat'>‚</span> <span class='ocrx_word' id='word_1_312' title='bbox 1480 4231 1594 4291; x_wconf 90' lang='lat' dir='ltr'><strong>quo</strong></span> <span class='ocrx_word' id='word_1_313' title='bbox 1656 4213 1873 4271; x_wconf 90' lang='lat' dir='ltr'><strong>dictum</strong></span> <span class='ocrx_word' id='word_1_314' title='bbox 1933 4221 2056 4287; x_wconf 83' lang='lat' dir='ltr'><strong>est,</strong></span> <span class='ocrx_word' id='word_1_315' title='bbox 2121 4212 2438 4290; x_wconf 84' lang='lat' dir='ltr'><strong>praefixum</strong></span> 
     </span>
     <span class='ocr_line' id='line_1_36' title="bbox 229 4326 2431 4407; baseline 0.001 -24"><span class='ocrx_word' id='word_1_316' title='bbox 229 4326 496 4403; x_wconf 83' lang='lat' dir='ltr'><strong>reperies.</strong></span> <span class='ocrx_word' id='word_1_317' title='bbox 576 4328 732 4389; x_wconf 87' lang='lat' dir='ltr'><strong>Idem</strong></span> <span class='ocrx_word' id='word_1_318' title='bbox 768 4328 988 4391; x_wconf 83' lang='lat' dir='ltr'><strong>factum</strong></span> <span class='ocrx_word' id='word_1_319' title='bbox 1019 4340 1108 4391; x_wconf 84' lang='lat' dir='ltr'><strong>est</strong></span> <span class='ocrx_word' id='word_1_320' title='bbox 1140 4332 1206 4390; x_wconf 91' lang='lat' dir='ltr'><strong>in</strong></span> <span class='ocrx_word' id='word_1_321' title='bbox 1235 4332 1492 4390; x_wconf 84' lang='lat' dir='ltr'><strong>carmine</strong></span> <span class='ocrx_word' id='word_1_322' title='bbox 1532 4329 1871 4407; x_wconf 84' lang='lat' dir='ltr'><strong>triumphali</strong></span> <span class='ocrx_word' id='word_1_323' title='bbox 1905 4329 2018 4391; x_wconf 84' lang='lat' dir='ltr'><strong>Ex.</strong></span> <span class='ocrx_word' id='word_1_324' title='bbox 2052 4326 2185 4403; x_wconf 64' lang='lat'><strong>15„</strong></span> <span class='ocrx_word' id='word_1_325' title='bbox 2219 4329 2431 4404; x_wconf 83' lang='lat' dir='ltr'><strong>hymno</strong></span> 
     </span>
    </p>
   </div>
  </div>
 </body>
</html>
