2807 4913
359 280 509 355 342
759 248 764 251 0
917 273 920 280 ’
999 387 1002 388 ⁷
1176 287 1301 362 Pa.
1344 284 1470 379 53,
1530 285 1771 349 :nd-4.

364 472 586 532 accersi
626 468 840 545 jussit,
876 461 1059 543 'cuius
1098 469 1508 543 excusationi,
1565 469 1943 547 quantumvis
1988 467 2231 526 idoneae
2269 473 2331 524 et
2364 470 2582 543 iustae,

364 559 537 617 fidem
579 573 758 631 quum
810 552 1024 610 habere
1062 556 1284 628 nollet,
1353 556 1488 631 plus
1531 557 1685 613 enim
1727 551 1886 627 apud
1930 572 2061 609 eum
2098 562 2288 609 metus
2332 551 2582 637 periculi

367 642 630 713 valebat3
688 638 990 696 mandavit
1018 640 1338 697 emissariis
1354 679 1375 713 ‚
1416 649 1486 695 ut
1516 640 1848 716 pontificem
1882 656 2003 694 una
2033 656 2166 694 cum
2199 647 2328 694 tota
2354 631 2582 694 familia

366 727 744 785 trucidarent.
801 719 1020 780 Verum
1045 721 1138 781 hin
1167 725 1381 804 religio
1406 724 1542 797 fuit,
1563 726 1727 781 viros
1758 721 1886 779 Deo
1915 740 2117 779 sacros
2147 720 2313 778 ferro
2336 723 2577 778 violare.

367 809 610 890 Doegus
651 808 846 882 solus,
901 810 1008 885 qui
1050 810 1210 886 regis
1237 812 1515 879 animum
1557 810 1905 887 instigant,
1959 806 2022 863 id
2046 806 2292 874 ,facinus
2332 806 2584 886 aggredi

370 913 569 967 ausus,
601 895 857 971 quinque
884 903 945 951 et
970 895 1275 971 octoginta
1303 894 1633 951 sacerdotes
1663 892 1977 950 crudeliter
2000 892 2302 962 mactavit,
2325 908 2583 966 moxque

369 978 610 1051 Noben,
652 977 1017 1036 sacerdotum
1051 977 1254 1035 urbem
1284 978 1611 1055 profectus,
1671 993 1867 1034 omnes
1903 974 1978 1032 ad
2006 993 2188 1032 unum
2219 977 2375 1033 cives
2403 984 2579 1051 atque

367 1065 591 1132 incolas
606 1105 626 1136 ,
685 1064 849 1120 nullo
884 1063 1092 1121 aetatis
1118 1065 1215 1120 vel
1242 1081 1417 1120 sexus
1447 1063 1811 1133 discrimine,
1852 1061 2258 1132 obtruncavit,
2311 1061 2429 1115 imo
2470 1078 2582 1115 nec

369 1148 674 1224 pecoribus
720 1147 1000 1224 pepercit.
1085 1149 1218 1216 Quo
1266 1157 1503 1222 accepto
1561 1146 1770 1205 nuntio
1819 1147 1883 1202 in
1929 1164 2152 1203 summo
2209 1143 2411 1201 dolore
2460 1143 2623 1218 fuit,

368 1229 587 1305 David,
630 1243 753 1290 tum
783 1232 939 1310 quod
966 1233 1080 1309 ipsi
1109 1230 1221 1289 hoc
1249 1233 1423 1290 modo
1448 1231 1675 1291 invidia
1698 1241 1758 1289 et
1784 1230 1982 1288 odium
2008 1248 2294 1286 summum
2320 1239 2584 1285 creatum

369 1329 555 1389 esset,
613 1325 672 1374 et
703 1335 870 1376 nemo
905 1318 961 1375 ei
993 1320 1121 1375 sine
1154 1319 1413 1393 periculo
1447 1317 1691 1392 capitali
1718 1314 2049 1376 benefacere
2081 1324 2279 1387 posset
2308 1315 2580 1390 amplius,

365 1403 552 1459 multo
583 1403 776 1460 minus
806 1421 938 1460 eum
978 1405 1234 1479 recipere
1262 1400 1556 1479 hospiti03
1614 1411 1738 1459 tum
1777 1419 1852 1460 ex
1889 1420 1959 1459 eo
1993 1400 2370 1476 praesertim,
2419 1397 2581 1476 quod

364 1486 608 1565 ipsemet
658 1487 810 1545 tanti
855 1488 997 1544 mali
1039 1505 1218 1545 causa
1260 1489 1619 1556 exstitisset3
1696 1489 1820 1563 ipse
1874 1486 2031 1543 enim
2084 1500 2297 1541 arcana
2351 1501 2388 1540 a
2433 1501 2580 1562 rege

361 1569 638 1629 mandata
663 1569 874 1629 habere
912 1591 975 1629 se
1015 1573 1330 1643 simulans,
1377 1570 1819 1645 Achimelecho,
1878 1580 1953 1627 ut
1984 1570 2100 1628 sibi
2138 1572 2335 1625 sacros
2380 1585 2582 1644 panes,

366 1665 428 1711 et
463 1654 728 1713 Goliathi
758 1655 1014 1733 gladium
1050 1656 1253 1730 daret,
1293 1656 1464 1715 facile
1486 1658 1807 1756 persuasit,
1863 1657 2127 1731 alioquin
2169 1672 2290 1709 non
2323 1651 2579 1724 facturo,

367 1738 525 1815 quod
571 1741 735 1798 illum
777 1739 1001 1797 videret
1045 1744 1267 1814 solum,
1334 1761 1443 1800 nec
1482 1743 1547 1798 in
1592 1744 1908 1812 comitatu,
1962 1741 2065 1817 qui
2101 1739 2259 1817 regis
2298 1756 2579 1816 generum

367 1822 612 1882 deceret.
698 1822 866 1882 Tunc
896 1826 1081 1905 igitur
1107 1823 1300 1885 David
1326 1825 1435 1883 hos
1465 1825 1725 1883 Versus
1707 1844 1770 1883 ιιι
1795 1818 2106 1906 Doegum,
2149 1824 2303 1879 tanti
2340 1823 2579 1879 sceleris

367 1917 698 1981 auctorem,
735 1908 974 1981 effudit,
1015 1908 1168 1968 haud
1202 1912 1373 1969 dubie
1402 1911 1575 1967 simul
1612 1920 1784 1988 atque
1810 1929 1912 1987 per
1940 1893 2357 1978 Abiatharum,
2392 1906 2579 1963 Achi-

364 1991 613 2050 melechi
648 1993 863 2067 filium,
924 1991 1028 2072 qui
1069 1997 1229 2054 solus
1270 1997 1502 2075 generis
1545 1997 1640 2052 sui
1678 2004 1968 2072 superstes
2007 1994 2193 2070 patris
2228 2001 2288 2048 et
2328 1992 2579 2048 aliorum

365 2076 731 2137 sacerdotum
781 2081 1011 2137 caedem
1066 2091 1364 2154 evaserat,
1440 2079 1509 2137 de
1569 2078 1910 2137 crudelitate
1964 2078 2133 2138 Sauli
2178 2078 2578 2156 cognovisset.

370 2160 542 2240 Quod
580 2156 772 2220 aut'em
807 2166 1023 2253 ἠ’-ικζι
1050 2166 1114 2223 in
1139 2161 1248 2222 bac
1280 2165 1660 2242 inscriptione
1690 2162 1935 2243 Doegus
1964 2164 2321 2239 appellatur,
2378 2159 2437 2216 id
2471 2162 2582 2218 alii

284 2294 289 2301 .
363 2244 719 2306 Adamaeum
758 2229 1257 2324 interpretantur,
1311 2248 1369 2307 h.
1400 2271 1450 2308 e.
1483 2268 1556 2306 ex
1585 2249 1841 2322 Adama‚
1901 2250 2044 2306 urbe
2077 2248 2265 2304 tribus
2295 2244 2580 2322 Naphtali

364 2324 520 2411 (Jos.
544 2333 646 2406 19,
674 2331 803 2407 36.)
847 2333 1179 2406 oriundum,
1219 2336 1324 2392 alii
1351 2334 1713 2406 Edomitam,
1756 2336 1879 2394 sive
1908 2330 2270 2391 Idumaeam.

325 2536 330 2539 ⁷
533 2463 593 2518 3.
676 2463 883 2523 ἾἿΞΜΠ
929 2470 1104 2552 ruffa
1154 2455 1564 2542 ΒξΠηη-ΠΟ
1605 2461 1773 2533 Quid
1807 2461 2103 2540 gloriaris
2145 2459 2216 2517 de
2257 2475 2438 2532 noxa,
2488 2466 2582 2536 tu,

362 2543 661 2602 violente!
737 2527 1065 2621 Abruptu'm‘
1088 2525 1435 2618 exordium,
1494 2565 1609 2622 quo
1643 2567 1747 2623 per
1779 2482 2210 2624 agpostroph'en‘
2192 2563 2256 2601 ιιι
2284 2541 2579 2627 Doegum,

261 2650 264 2653 ·
363 2629 622 2706 alioquin
655 2631 986 2702 absentem,
1044 2631 1237 2689 subito
1271 2630 1589 2707 invehitur.
1672 2630 1867 2705 Tene,
1921 2631 2146 2707 inquit,
2198 2629 2269 2686 de
2307 2635 2412 2684 tuo
2460 2631 2579 2686 isto

364 2723 483 2769 tam
517 2715 760 2779 immani
769 2717 1002 2771 scelere
1036 2724 1265 2792 oportet
1293 2701 1561 2794 gloriari,
1590 2716 1741 2794 quod
1777 2719 1937 2773 solus
1968 2734 2042 2771 ex
2070 2713 2355 2770 ministris
2393 2715 2581 2793 regiis

365 2795 430 2853 in
470 2788 798 2858 sacerdotes
842 2816 1049 2856 manus
1088 2798 1303 2857 inferre
1346 2811 1523 2857 misus
1564 2797 1666 2858 es?
1749 2803 1900 2882 Ἶιειζι
1944 2796 2043 2879 (de
2081 2817 2196 2876 quo
2230 2798 2349 2856 vid.
2380 2800 2484 2870 24,
2516 2800 2583 2858 8.

364 2881 470 2956 33,
498 2880 652 2985 16.)m
665 2881 721 2940 h.
748 2885 787 2941 1.
823 2883 886 2940 in
917 2885 1133 2941 malam
1163 2883 1387 2959 partem
1418 2885 1493 2956 is,
1536 2887 1640 2962 qui
1669 2885 1788 2942 vim
1816 2885 2105 2958 injustam
2136 2891 2387 2941 exercet.
2455 2885 2584 2943 Alii

364 2965 680 3047 εἲρωιικῶς
707 2965 981 3047 Doegum
1008 2967 1273 3042 fortem,
1311 2966 1498 3026 heroa
1534 2969 1748 3028 dictum
1777 2972 2134 3042 existimant,
2178 2988 2233 3068 q.
2263 2968 2316 3026 d.
2348 2986 2382 3024 o
2410 2987 2584 3044 prae-

367 3052 609 3112 dicande
641 3051 844 3126 heros,
907 3055 1008 3129 qui
1048 3054 1382 3112 immaniter
1424 3055 1682 3112 trucidas
1715 3053 1976 3112 homines
2009 3055 2322 3125 innoxios,
2378 3065 2438 3110 et
2476 3054 2585 3130 qui

368 3155 491 3194 sese
528 3157 650 3195 non
667 3129 1022 3196 defendunt.
1107 3135 1454 3227 nvn-322
1468 3136 1552 3204 ΟΝ
1595 3150 1732 3228 ἿΟ..Π.
1779 3138 2031 3197 Bonitas
2070 3135 2195 3195 Dei
2236 3137 2423 3210 omni,
2466 3139 2584 3211 vel,

341 3226 502 3280 'tota
540 3223 700 3297 die,
731 3221 1010 3280 subaudi:
1067 3232 1280 3281 exstat.
1364 3207 1585 3284 Sensus
1623 3234 1743 3280 est:
1810 3242 1915 3282 cur
1957 3225 2026 3282 de
2069 3225 2282 3282 scelere
2326 3221 2583 3280 admisso

368 3314 669 3383 tantopere
712 3307 1015 3382 superbis,
1083 3327 1157 3366 ex
1196 3327 1377 3385 eoque
1420 3311 1579 3367 novi·
1609 3308 1891 3370 facinoris
1931 3308 2186 3383 concipis
2238 3303 2582 3365 audaciam?

345 3388 617 3467 Etiamsi
667 3390 981 3468 prodidisti
1023 3400 1082 3451 et
1126 3393 1476 3450 interfecisti
1523 3403 1758 3470 propter
1803 3413 1894 3451 me
1936 3394 2262 3450 sacerdotes
2307 3402 2366 3449 et
2407 3394 2584 3449 inno-

369 3487 560 3532 centes
607 3474 904 3543 familias;
975 3492 1287 3554 numquam
1342 3488 1535 3536 tamen
1587 3499 1678 3537 me
1724 3488 1946 3536 evertes
1989 3485 2046 3534 et
2097 3494 2329 3534 causam
2374 3484 2584 3547 meam,

369 3577 568 3702 quudmf
584 3558 744 3704 des
786 3558 932 3621 mihi
971 3562 1216 3643 regnum
1247 3565 1620 3640 promiserit,
1676 3573 1735 3622 et
1764 3565 2025 3623 bonitate
2059 3579 2166 3619 sua
2196 3580 2286 3619 me
2311 3570 2589 3641 protegat

368 3652 427 3704 et
507 3665 535 3701 e
562 3662 631 3701 en
674 3655 757 3704 at.

537 3768 863 3875 403221225’3
905 3771 1104 3861 affini-2
1144 3775 1307 3837 ι-ιἿἹΠ
1347 3769 1561 3833 Noa-as
1603 3774 1937 3833 meditatur
1976 3772 2184 3850 lingua
2226 3779 2358 3845 tua,
2386 3773 2605 3831 noxiae

370 3866 429 3915 et
466 3842 797 3959 perniciosa
841 3841 1104 3921 consilia
1131 3859 1351 3935 profert
1394 3847 1604 3938 lingua
1646 3870 1769 3918 tua.
1852 3858 2092 3917 Tribuit
2133 3858 2373 3935 linguae
2426 3859 2588 3936 quod

372 3944 561 4001 animi
602 3953 725 4016 est,
767 3946 905 4023 quia
932 3946 1139 4022 lingua
1167 3952 1257 4000 est
1290 3945 1500 4001 mentis
1531 3947 1847 4020 interpres,
1886 3952 1949 4000 et
1986 3943 2108 4016 ejus
2143 3961 2327 4023 opera
2352 3945 2587 4022 cogita-

374 4028 563 4086 tiones
595 4031 951 4105 aperiuntur.
996 4029 1219 4087 Similis
1248 4029 1519 4104 loquutio
1547 4032 1654 4103 78,
1673 4030 1772 4088 72.
1836 4027 2086 4086 Sensus.
2126 4036 2193 4084 tu
2224 4036 2588 4086 commentus

374 4129 437 4167 cs
471 4114 777 4173 adversum
813 4133 905 4172 me
941 4124 1000 4170 ct
1022 4110 1484 4173 Achimclechum.
1520 4115 1994 4186 criminationes,
2051 4113 2261 4190 quibus
2301 4131 2410 4171 nos
2450 4130 2588 4188 per-

365 4195 572 4272 ·deres3
633 4198 695 4257 id
735 4197 895 4277 quod
935 4197 1123 4275 magis
1163 4194 1351 4254 adhuc
1385 4200 1696 4274 exprimit:
1742 4208 1921 4286 Π“73·,Ἶ.
1969 4199 2111 4287 ΠΨ,
2158 4191 2300 4258 'tt-{nb
2305 4208 2349 4256 73
2399 4206 2587 4294 ‘¹1ng

377 4277 543 4339 Sicut
587 4281 879 4343 novacula
919 4287 1104 4339 acuta
1130 4278 1382 4353 faciens
1420 4280 1648 4356 dolum,
1703 4265 1877 4340 sicut
1890 4265 2176 4342 novacula
2205 4264 2488 4367 exacuta,
2532 4258 2588 4339 si

307 4458 318 4465 ο
378 4382 418 4421 ι
420 4368 472 4425 cl
502 4367 706 4433 leviter
736 4365 869 4449 qui·
900 4382 1029 4459 cam
1057 4366 1398 4451 contingat,
1439 4370 1723 4468 ‘vulnerat
1752 4367 2104 4452 gravissime
2117 4404 2140 4442 ,
2194 4350 2284 4427 ita
2316 4384 2488 4445 quem
2516 4375 2587 4429 tu

1982 4502 2017 4511 x
