2807 4913
744 338 1276 431 Explicatio
1334 326 1858 412 Titulos-unt
2322 337 2421 411 19

192 523 385 582 vertit:
448 539 584 579 cum
628 520 888 581 citharis
929 530 1067 587 octo
1107 518 1468 580 chordarum
1505 519 1591 580 ad
1628 517 1989 595 canendum,
2042 522 2140 581 vel
2178 525 2423 601 pulsan-

192 609 324 667 dum.
407 606 635 664 Verum
674 607 788 667 hoc
822 610 1046 684 ipsum:
1085 618 1219 686 ῃεζξ
1250 626 1319 665 eo
1346 610 1481 666 loco
1508 626 1725 666 canere
1751 607 2107 685 significare,
2143 628 2421 687 perquam

194 694 405 750 dubium
453 702 589 764 est,
646 703 706 749 et
748 711 784 749 a
828 696 1024 751 multis
1065 695 1198 751 aliis
1246 711 1365 750 non
1400 696 1552 750 male
1595 696 1880 753 vertitur:
1939 702 2009 748 ut
2035 705 2417 771 praeessent.

208 777 260 851 b)
295 779 393 834 Alii
447 796 599 834 vero
647 778 1000 836 eminentiae
1044 780 1390 856 superantis
1440 779 1964 857 significationem,
2024 796 2170 855 quae
2214 790 2306 836 est
2351 784 2415 838 in

209 863 343 918 verbo
371 873 514 948 ηιξ),
534 903 554 932 ,
596 872 771 938 atque
802 861 939 920 hinc
972 863 1256 922 vocabulo
1285 872 1465 940 ῃῦξὲη
1486 903 1505 934 ,
1547 862 1617 920 de
1648 863 1814 919 vocis
1845 871 1902 919 et
1935 864 2068 919 soni
2092 864 2413 922 eminentia

209 949 680 1021 interpretantur,
722 956 789 1003 ut
828 949 1195 1017 existiment,
1239 965 1338 1003 eos
1368 942 1496 1004 Psi.
1516 987 1535 1019 ,
1579 948 1789 1024 quibus
1827 945 1938 1005 hoc
1970 947 2410 1023 praescribitur,

208 1040 351 1087 acuta
394 1050 587 1103 voce,
635 1042 696 1088 et
726 1032 914 1089 modis
948 1034 1219 1089 clamosis
1259 1042 1318 1087 et
1350 1033 1803 1105 intensissimis,
1864 1033 1966 1108 qui
2006 1041 2282 1107 superent
2321 1052 2415 1090 ce-

199 1127 352 1188 teros,
401 1116 824 1173 decantandos.
912 1116 1028 1174 Sed
1061 1135 1235 1191 quum
1277 1134 1405 1173 voc.
1450 1127 1624 1194 naz-272,
1675 1120 1884 1173 ceteris
1926 1116 2191 1174 omnibus
2231 1115 2300 1174 V.
2336 1116 2410 1175 T.

188 1201 305 1256 locis
336 1221 395 1258 v.
436 1220 487 1256 c.
536 1200 729 1258 2Chr.
764 1202 826 1271 2,
860 1204 918 1258 2.
955 1204 1049 1257 17.
1102 1201 1206 1272 34,
1246 1202 1340 1257 13.
1376 1196 1684 1258 manifesto
1717 1199 2101 1271 Adjectivum
2142 1201 2254 1272 sit,
2298 1219 2408 1279 ego

181 1284 501 1362 adstipulor
530 1287 629 1358 iis,
667 1287 770 1360 qui
806 1284 875 1362 2)
913 1297 1091 1375 213qu
1124 1285 1194 1340 de
1225 1283 1532 1361 Magistro
1572 1283 1900 1342 Cantorum
1929 1287 2410 1360 interpretantur,

178 1389 339 1445 quum
380 1371 667 1443 verbum,
710 1380 776 1427 ut
808 1372 1017 1431 statim
1055 1370 1230 1426 initio
1280 1370 1646 1440 monuimus,
1704 1369 1996 1448 significet
2035 1370 2413 1427 eminentiam

177 1462 567 1532 superantem
605 1456 787 1526 alios,
840 1455 1027 1531 qualis
1076 1464 1166 1510 est
1198 1471 1432 1524 eorum,
1491 1454 1590 1528 qui
1630 1452 1906 1527 praefecti
1948 1462 2085 1510 sunt
2122 1455 2291 1528 aliis,
2350 1466 2410 1513 et

172 1558 371 1613 operas
415 1539 671 1594 aliorum
703 1539 1032 1617 gubernant
1064 1557 1132 1595 ac
1165 1547 1403 1618 regunt,
1447 1538 1601 1594 unde
1633 1539 1674 1593 2
1695 1534 1832 1594 Chr.
1866 1539 1930 1610 2,
1952 1540 2010 1594 2.
2042 1540 2135 1595 17.
2172 1540 2274 1611 34,
2312 1539 2407 1596 13.

169 1629 427 1702 nir-1337).
467 1621 790 1699 praefecti
843 1631 903 1679 et
953 1625 1308 1699 inspectores
1358 1621 1793 1700 operariorum.
1875 1622 2038 1680 Illam
2085 1623 2270 1701 igitur
2314 1624 2409 1703 in-

167 1703 561 1780 scrip‘tio'nem
600 1709 653 1764 si
686 1705 760 1763 ad
792 1706 1070 1766 Musicam
1114 1709 1314 1783 templi
1348 1705 1708 1778 referamus,
1754 1719 1930 1787 33:72
1967 1709 2081 1766 erit
2113 1705 2412 1784 Magister

170 1790 545 1863 Cantorum,
590 1802 692 1849 aut
726 1790 907 1849 Chori
935 1790 1197 1866 musici,
1217 1793 1318 1868 qui
1350 1789 1578 1848 Chorus
1608 1810 1737 1849 cum
1768 1773 2069 1868 cymhala,
2109 1793 2412 1867 buccinas,

164 1876 379 1948 nabla,
425 1875 719 1947 citharas,
760 1877 822 1934 id
853 1887 977 1949 est,
1020 1887 1079 1935 et
1112 1897 1257 1955 quae
1291 1874 1610 1949 inflantur,
1664 1885 1723 1932 et
1765 1895 1909 1952 quae
1948 1876 2159 1935 fidibus
2203 1878 2409 1936 inten-

166 1961 431 2034 duntur,
476 1979 701 2038 organa
742 1960 1043 2034 habuerit,
1105 1979 1350 2039 quorum
1395 1960 1553 2017 modi
1595 1961 1668 2019 ad
1707 1961 1886 2018 verba
1928 1964 2283 2033 carminum,
2346 1974 2407 2023 et

164 2047 334 2102 vocis
364 2044 655 2101 humanae
682 2048 963 2103 musicam
995 2046 1440 2118 adhiberentur3
1479 2046 1750 2119 nimirum
1781 2047 2094 2123 utriusque
2127 2048 2409 2122 musicae,

166 2139 222 2186 et
268 2128 674 2207 chirurgicae,
720 2141 778 2187 et
817 2150 961 2188 voce
999 2132 1364 2201 canentium,
1408 2127 1712 2205 Magister
1751 2148 1796 2186 s.
1832 2127 2191 2203 Praefectus
2231 2131 2409 2190 intel-

165 2214 402 2294 ligitur.
489 2213 633 2271 Cum
684 2218 872 2295 igitur
919 2218 983 2273 in
1028 2215 1124 2273 Ps.
1159 2222 1220 2274 4.
1270 2214 1452 2272 titulo
1495 2217 1732 2293 nfintzzjzj
1775 2210 1997 2293 ῃὶξξηξ
2034 2216 2286 2294 legitur,
2344 2216 2410 2275 id

166 2296 325 2356 haud
362 2298 537 2360 dubie
569 2301 657 2355 ita
692 2301 1096 2375 explicandum
1133 2302 1277 2358 erit:
1332 2297 1507 2355 chori
1548 2294 1766 2355 mus'ici
1797 2293 2126 2376 praefecto
2167 2299 2405 2357 traden-

169 2382 342 2456 dum,
384 2392 453 2440 ut
493 2401 624 2441 cum
656 2384 1018 2459 fidicinibus
1064 2394 1401 2442 caneretur.
1444 2414 1529 2426 -
1568 2383 1998 2442 Alexandrinus
2030 2378 2251 2463 nat-372}-
2284 2383 2405 2442 fere

167 2469 386 2546 ubique
429 2465 519 2539 εἷς
558 2461 630 2531 τὸ
680 2467 882 2542 τέλος,
927 2471 990 2528 in
1018 2470 1238 2544 finem,
1280 2480 1349 2528 ut
1382 2466 1674 2549 Vulgatus
1708 2469 1936 2540 reddit,
1976 2465 2203 2525 vertere
2234 2470 2403 2527 solet.

144 2554 360 2619 Quam
388 2555 723 2612 versionem
758 2556 1016 2631 plerique
1054 2556 1282 2633 quidem
1317 2573 1491 2624 sensu
1533 2571 1773 2631 prorsus
1814 2572 2010 2610 carere
2046 2554 2402 2611 existimant.

172 2638 340 2704 Quod
386 2648 584 2695 tamen
628 2642 802 2696 aliter
848 2641 1037 2697 visum
1081 2650 1170 2697 est
1210 2639 1491 2698 Annulo
1536 2636 1999 2714 (Commentarii
2034 2637 2099 2694 in
2143 2634 2408 2696 Psalmos

172 2732 231 2778 et
270 2723 336 2781 in
383 2723 581 2780 divini
634 2721 825 2798 officii
871 2695 1133 2782 cantiia.
1209 2722 1430 2782 Romae
1482 2724 1662 2779 1606.
1721 2730 1847 2779 tum
1895 2720 2175 2780 Coloniae
2222 2722 2408 2783 1607.

174 2806 423 2885 denique
462 2805 652 2865 Paris.
699 2811 880 2866 1611.
921 2811 986 2866 in
1029 2809 1217 2867 forma
1259 2827 1414 2866 max.
1457 2810 1519 2863 in
1558 2804 1865 2864 Prooemio
1914 2808 1980 2863 in
2020 2805 2149 2863 Pss.
2197 2823 2258 2881 p.
2292 2802 2410 2885 9.),

174 2894 270 2967 qui
322 2893 433 2949 illa
482 2895 761 2968 loquendi
803 2893 1052 2960 formula
1098 2905 1158 2952 et
1205 2893 1628 2951 assiduitatem
1677 2911 1747 2947 ac
1793 2891 2292 2965 diuturnitatem,
2350 2902 2411 2949 et

174 2986 612 3035 consummatae
642 2978 738 3034 rei
760 2980 1222 3057 perfectionem,
1266 2998 1372 3055 pro
1402 2999 1494 3052 eo,
1525 2976 1681 3052 quod
1712 2986 1799 3032 est
1822 2993 2108 3054 prorsus,
2152 2976 2408 3049 omnino,

165 3061 454 3138 penitus,
500 3063 823 3141 significari
871 3065 1180 3121 observat:
1248 3062 1527 3134 „Px-ioris
1561 3059 1883 3137 exemplum
1915 3070 2003 3118 est
2040 3061 2130 3118 Ps.
2171 3063 2272 3133 74,
2311 3061 2409 3121 10.

180 3143 376 3222 Usque
420 3165 554 3224 quo,
591 3144 863 3221 Domine,
907 3146 1345 3228 improperabit
1388 3146 1703 3218 inimicus,
1747 3145 1974 3210 irritat
2016 3145 2407 3203 adversarius

175 3237 311 3288 tuus
354 3250 567 3288 nomen
610 3241 775 3290 tuum
821 3234 905 3306 εἷς
943 3231 1146 3306 τέλος,
1203 3232 1262 3290 h.
1299 3252 1347 3289 e.
1390 3231 1669 3301 assidue,
1703 3238 2010 3309 perpetuo
2051 3225 2305 3302 irritat,
2348 3239 2408 3310 et

174 3310 273 3372 Ps.
308 3318 459 3386 103,
488 3316 546 3372 9.
589 3336 763 3392 quum
808 3321 872 3375 in
915 3318 1140 3376 Graeco
1179 3320 1259 3376 sit
1301 3310 1407 3378 οὔκ
1452 3313 1538 3386 εἷς
1582 3313 1785 3386 τέλος,
1831 3333 1946 3372 non
1989 3315 2051 3369 in
2084 3312 2273 3386 finem
2315 3313 2405 3370 ul·-

177 3397 477 3469 ciscetur,
537 3401 703 3457 docte
750 3393 933 3461 vertit
980 3403 1301 3482 vulgatus:
1365 3418 1482 3458 non
1537 3401 1600 3457 in
1653 3408 2012 3479 perpetuum
2062 3397 2405 3456 ulciscetur.

174 3480 832 3561 Ejusmodiexemplum
877 3490 1051 3546 etiam
1090 3495 1180 3544 est
1211 3488 1349 3545 Luc.
1382 3488 1484 3559 18,
1519 3481 1574 3541 5.
1611 3486 1719 3545 'ira
1765 3481 1847 3563 μὴ
1894 3481 1979 3555 εἲς
2025 3483 2194 3553 τέλος
2235 3484 2407 3564 ἑρχο·

170 3570 317 3649 μὲνη
370 3565 693 3658 ὑπωπιάζῃ
735 3595 840 3647 με,
911 3590 984 3629 ne
1034 3573 1277 3629 assidue
1326 3572 1567 3627 veniens
1621 3567 1769 3625 milti
1813 3568 2160 3646 iniquitatis
2207 3577 2407 3626 notam·

173 3654 399 3712 inurat.
466 3653 725 3713 Alterius
759 3658 919 3715 modi
950 3660 1272 3732 exemplum
1304 3665 1391 3715 est
1427 3656 1520 3712 Ps.
1555 3656 1660 3727 38,
1691 3656 1750 3710 6.
1798 3649 1988 3710 Miser
2011 3651 2239 3724 factus
2278 3669 2406 3709 sum

171 3747 227 3793 et
257 3745 557 3796 curvatus
596 3759 722 3797 sum
760 3761 941 3820 usque
982 3743 1066 3799 ad
1093 3739 1304 3815 finem,
1346 3741 1434 3811 εἷς
1472 3735 1672 3810 τέλος,
1719 3738 1869 3814 quod
1903 3739 1968 3796 in
1994 3736 2261 3794 Hebraeo
2298 3744 2407 3808 cst,

175 3827 498 3903 “thre-⁸¹2,
532 3825 724 3901 ‘usque
765 3826 848 3883 ad
889 3845 1202 3898 summum,
1247 3844 1362 3902 quo
1411 3826 1541 3883 loco
1586 3826 1807 3880 clarum
1853 3832 1975 3895 est,
2023 3840 2122 3879 eos
2158 3822 2404 3877 vertisse

176 3905 347 3985 usque
381 3911 447 3965 in
480 3908 691 3983 finem,
732 3929 837 3987 pro
868 3933 935 3971 eo
968 3911 1121 3988 quod
1154 3921 1242 3967 est
1262 3923 1551 3989 prorsus,
1578 3909 1852 3988 penitus,
1896 3913 2182 3965 curvatus
2215 3907 2406 3963 sum.‘⁶

178 3987 361 4050 Priori
392 3995 587 4073 igitur
617 3996 948 4072 significatu
984 3999 1035 4053 si
1067 3997 1385 4071 accipiatur
1416 3994 1560 4051 illud
1592 3995 1676 4066 εἷς
1708 3989 1775 4055 τὸ
1809 3988 1999 4062 τέλος,
2031 3988 2407 4062 indicabitur,

172 4071 469 4147 Psalmos,
518 4079 724 4154 quihus
771 4099 838 4137 ea
877 4083 1052 4139 verba
1094 4090 1232 4137 sunt
1274 4082 1675 4155 praescripta,
1733 4092 1854 4146 non
1900 4075 2073 4134 statis
2118 4074 2405 4151 certisque

170 4157 368 4217 diebus
433 4174 701 4220 cantatos
764 4165 980 4240 fuisse,
1035 4164 1135 4223 sed
1185 4163 1429 4221 assidue
1487 4181 1814 4221 resonasse.
1901 4161 1970 4220 Si
2017 4175 2156 4217 vero
2217 4159 2405 4215 altera

168 4245 600 4321 significatione
645 4250 759 4304 ista
803 4253 1069 4328 loquutio
1110 4251 1467 4324 accipiatur,
1512 4247 1908 4318 indicabitur,
1962 4241 2221 4303 Psalmos
2265 4244 2403 4298 illos
2449 4321 2456 4328 .

165 4346 384 4386 summa
427 4332 843 4410 contentione,
901 4353 1123 4395 summo
1168 4336 1304 4393 nisu
1350 4343 1526 4411 atque
1574 4342 1822 4405 conatu,
1886 4348 1955 4389 ac
1992 4327 2406 4409 perfectissime

167 4422 432 4473 cantatos
471 4416 671 4476 fuisse.
1905 4433 1922 4446 ⁴·

1684 4499 1812 4560 132
