<?xml version="1.0" encoding="UTF-8"?>
<!DOCTYPE html PUBLIC "-//W3C//DTD XHTML 1.0 Transitional//EN"
    "http://www.w3.org/TR/xhtml1/DTD/xhtml1-transitional.dtd">
<html xmlns="http://www.w3.org/1999/xhtml" xml:lang="en" lang="en">
 <head>
  <title>
</title>
<meta http-equiv="Content-Type" content="text/html;charset=utf-8" />
  <meta name='ocr-system' content='tesseract 3.04.00' />
  <meta name='ocr-capabilities' content='ocr_page ocr_carea ocr_par ocr_line ocrx_word'/>
</head>
<body>
  <div class='ocr_page' id='page_1' title='image "./scholiainpsalmo00rosegoog_0022.png"; bbox 0 0 2807 4913; ppageno 0'>
   <div class='ocr_carea' id='block_1_1' title="bbox 354 230 2014 372">
    <p class='ocr_par' dir='ltr' id='par_1_1' title="bbox 354 230 2014 372">
     <span class='ocr_line' id='line_1_1' title="bbox 354 230 2014 372; baseline -0.001 -22"><span class='ocrx_word' id='word_1_1' title='bbox 354 272 454 350; x_wconf 83' lang='grc'><strong>14</strong></span> <span class='ocrx_word' id='word_1_2' title='bbox 868 230 869 233; x_wconf 9' lang='lat'>¹</span> <span class='ocrx_word' id='word_1_3' title='bbox 920 280 1428 372; x_wconf 59' lang='lat' dir='ltr'><strong>Explicatjo</strong></span> <span class='ocrx_word' id='word_1_4' title='bbox 1496 280 2014 353; x_wconf 75' lang='lat' dir='ltr'><strong>Titulorum.</strong></span> 
     </span>
    </p>
   </div>
   <div class='ocr_carea' id='block_1_2' title="bbox 345 434 2585 1609">
    <p class='ocr_par' dir='ltr' id='par_1_2' title="bbox 328 434 2585 1253">
     <span class='ocr_line' id='line_1_2' title="bbox 351 434 2579 547; baseline 0.003 -25"><span class='ocrx_word' id='word_1_5' title='bbox 351 448 630 545; x_wconf 84' lang='lat' dir='ltr'><strong>gumento</strong></span> <span class='ocrx_word' id='word_1_6' title='bbox 678 464 920 523; x_wconf 90' lang='lat' dir='ltr'><strong>minime</strong></span> <span class='ocrx_word' id='word_1_7' title='bbox 964 467 1330 543; x_wconf 79' lang='lat' dir='ltr'>conspirent,</span> <span class='ocrx_word' id='word_1_8' title='bbox 1390 476 1451 526; x_wconf 83' lang='lat' dir='ltr'><strong>et</strong></span> <span class='ocrx_word' id='word_1_9' title='bbox 1494 434 1789 527; x_wconf 86' lang='lat' dir='ltr'><strong>auctorem</strong></span> <span class='ocrx_word' id='word_1_10' title='bbox 1836 464 2097 526; x_wconf 85' lang='lat' dir='ltr'><strong>indicent</strong></span> <span class='ocrx_word' id='word_1_11' title='bbox 2110 509 2131 536; x_wconf 82' lang='lat'><strong>,</strong></span> <span class='ocrx_word' id='word_1_12' title='bbox 2203 485 2241 527; x_wconf 83' lang='lat' dir='ltr'><strong>a</strong></span> <span class='ocrx_word' id='word_1_13' title='bbox 2293 484 2408 547; x_wconf 91' lang='lat' dir='ltr'><strong>quo</strong></span> <span class='ocrx_word' id='word_1_14' title='bbox 2460 470 2579 529; x_wconf 88' lang='lat' dir='ltr'><strong>nisi</strong></span> 
     </span>
     <span class='ocr_line' id='line_1_3' title="bbox 349 564 2580 664; baseline 0.003 -22"><span class='ocrx_word' id='word_1_15' title='bbox 349 584 454 643; x_wconf 88' lang='lat' dir='ltr'><strong>ubi</strong></span> <span class='ocrx_word' id='word_1_16' title='bbox 486 564 771 645; x_wconf 82' lang='lat' dir='ltr'><strong>vaticinia</strong></span> <span class='ocrx_word' id='word_1_17' title='bbox 816 585 883 643; x_wconf 92' lang='lat' dir='ltr'><strong>in</strong></span> <span class='ocrx_word' id='word_1_18' title='bbox 927 584 1248 643; x_wconf 73' lang='lat' dir='ltr'>subsidium</span> <span class='ocrx_word' id='word_1_19' title='bbox 1286 604 1497 644; x_wconf 80' lang='lat' dir='ltr'><strong>vocare</strong></span> <span class='ocrx_word' id='word_1_20' title='bbox 1530 587 1711 660; x_wconf 85' lang='lat' dir='ltr'><strong>velis,</strong></span> <span class='ocrx_word' id='word_1_21' title='bbox 1754 604 1985 645; x_wconf 86' lang='lat' dir='ltr'><strong>carmen</strong></span> <span class='ocrx_word' id='word_1_22' title='bbox 2030 586 2414 664; x_wconf 85' lang='lat' dir='ltr'><strong>compositum</strong></span> <span class='ocrx_word' id='word_1_23' title='bbox 2456 606 2580 648; x_wconf 84' lang='lat' dir='ltr'><strong>esse</strong></span> 
     </span>
     <span class='ocr_line' id='line_1_4' title="bbox 349 702 2579 782; baseline 0.002 -21"><span class='ocrx_word' id='word_1_24' title='bbox 349 720 591 782; x_wconf 86' lang='lat' dir='ltr'><strong>prorsus</strong></span> <span class='ocrx_word' id='word_1_25' title='bbox 625 721 748 761; x_wconf 90' lang='lat' dir='ltr'><strong>non</strong></span> <span class='ocrx_word' id='word_1_26' title='bbox 780 704 991 780; x_wconf 89' lang='lat' dir='ltr'><strong>potuit.</strong></span> <span class='ocrx_word' id='word_1_27' title='bbox 1075 702 1276 781; x_wconf 89' lang='lat' dir='ltr'><strong>Neque</strong></span> <span class='ocrx_word' id='word_1_28' title='bbox 1307 723 1505 763; x_wconf 90' lang='lat' dir='ltr'><strong>omnes</strong></span> <span class='ocrx_word' id='word_1_29' title='bbox 1538 704 1756 782; x_wconf 84' lang='lat' dir='ltr'><strong>itaque,</strong></span> <span class='ocrx_word' id='word_1_30' title='bbox 1801 723 1947 782; x_wconf 89' lang='lat' dir='ltr'><strong>quae</strong></span> <span class='ocrx_word' id='word_1_31' title='bbox 1980 705 2044 762; x_wconf 91' lang='lat' dir='ltr'><strong>in</strong></span> <span class='ocrx_word' id='word_1_32' title='bbox 2074 704 2245 762; x_wconf 90' lang='lat' dir='ltr'><strong>libris</strong></span> <span class='ocrx_word' id='word_1_33' title='bbox 2272 703 2579 771; x_wconf 76' lang='lat' dir='ltr'><strong>Hebraicis</strong></span> 
     </span>
     <span class='ocr_line' id='line_1_5' title="bbox 349 782 2585 902; baseline 0.001 -21.981"><span class='ocrx_word' id='word_1_34' title='bbox 349 782 662 902; x_wconf 72' lang='lat' dir='ltr'><strong>leguntur,</strong></span> <span class='ocrx_word' id='word_1_35' title='bbox 722 821 1166 897; x_wconf 72' lang='lat' dir='ltr'><strong>inscriptiones,</strong></span> <span class='ocrx_word' id='word_1_36' title='bbox 1239 829 1455 880; x_wconf 88' lang='lat' dir='ltr'><strong>temere</strong></span> <span class='ocrx_word' id='word_1_37' title='bbox 1505 820 1885 898; x_wconf 78' lang='lat' dir='ltr'><strong>rejiciendae,</strong></span> <span class='ocrx_word' id='word_1_38' title='bbox 1952 841 2136 899; x_wconf 88' lang='lat' dir='ltr'><strong>neque</strong></span> <span class='ocrx_word' id='word_1_39' title='bbox 2202 839 2400 879; x_wconf 88' lang='lat' dir='ltr'><strong>omnes</strong></span> <span class='ocrx_word' id='word_1_40' title='bbox 2452 824 2585 882; x_wconf 79' lang='lat' dir='ltr'><strong>sine</strong></span> 
     </span>
     <span class='ocr_line' id='line_1_6' title="bbox 350 935 2585 1023; baseline 0.002 -27"><span class='ocrx_word' id='word_1_41' title='bbox 350 936 691 1009; x_wconf 75' lang='lat' dir='ltr'><strong>discrimine</strong></span> <span class='ocrx_word' id='word_1_42' title='bbox 729 935 1091 1019; x_wconf 70' lang='lat' dir='ltr'><strong>recipiendae</strong></span> <span class='ocrx_word' id='word_1_43' title='bbox 1137 940 1341 1023; x_wconf 79' lang='lat' dir='ltr'><strong>eru&#39;nt3</strong></span> <span class='ocrx_word' id='word_1_44' title='bbox 1386 938 1519 1015; x_wconf 88' lang='lat' dir='ltr'><strong>sed,</strong></span> <span class='ocrx_word' id='word_1_45' title='bbox 1563 942 1708 999; x_wconf 86' lang='lat' dir='ltr'><strong>crisi</strong></span> <span class='ocrx_word' id='word_1_46' title='bbox 1738 951 1911 1019; x_wconf 83' lang='lat' dir='ltr'><strong>atque</strong></span> <span class='ocrx_word' id='word_1_47' title='bbox 1942 958 2118 999; x_wconf 85' lang='lat' dir='ltr'><strong>sanae</strong></span> <span class='ocrx_word' id='word_1_48' title='bbox 2150 940 2585 1015; x_wconf 80' lang='lat' dir='ltr'><strong>interpretandi</strong></span> 
     </span>
     <span class='ocr_line' id='line_1_7' title="bbox 345 1038 2581 1137; baseline -0.001 -21"><span class='ocrx_word' id='word_1_49' title='bbox 345 1058 578 1116; x_wconf 81' lang='lat' dir='ltr'><strong>ratione</strong></span> <span class='ocrx_word' id='word_1_50' title='bbox 623 1057 800 1131; x_wconf 88' lang='lat' dir='ltr'><strong>duce,</strong></span> <span class='ocrx_word' id='word_1_51' title='bbox 861 1057 1318 1135; x_wconf 85' lang='lat' dir='ltr'><strong>dispiciendum,</strong></span> <span class='ocrx_word' id='word_1_52' title='bbox 1381 1075 1528 1135; x_wconf 82' lang='lat' dir='ltr'><strong>quae</strong></span> <span class='ocrx_word' id='word_1_53' title='bbox 1566 1059 1638 1119; x_wconf 85' lang='lat' dir='ltr'><strong>ab</strong></span> <span class='ocrx_word' id='word_1_54' title='bbox 1673 1061 1818 1137; x_wconf 88' lang='lat' dir='ltr'><strong>ipsis</strong></span> <span class='ocrx_word' id='word_1_55' title='bbox 1867 1059 2058 1136; x_wconf 83' lang='lat' dir='ltr'><strong>poetis</strong></span> <span class='ocrx_word' id='word_1_56' title='bbox 2101 1056 2225 1114; x_wconf 89' lang='lat' dir='ltr'><strong>sint</strong></span> <span class='ocrx_word' id='word_1_57' title='bbox 2266 1038 2581 1132; x_wconf 78' lang='lat' dir='ltr'><strong>profectae,</strong></span> 
     </span>
     <span class='ocr_line' id='line_1_8' title="bbox 348 1160 1730 1253; baseline 0.002 -21"><span class='ocrx_word' id='word_1_58' title='bbox 348 1194 608 1253; x_wconf 86' lang='lat' dir='ltr'><strong>quaeque</strong></span> <span class='ocrx_word' id='word_1_59' title='bbox 651 1193 690 1232; x_wconf 86' lang='lat' dir='ltr'><strong>a</strong></span> <span class='ocrx_word' id='word_1_60' title='bbox 734 1183 971 1252; x_wconf 85' lang='lat' dir='ltr'><strong>postera</strong></span> <span class='ocrx_word' id='word_1_61' title='bbox 1010 1194 1187 1234; x_wconf 86' lang='lat' dir='ltr'><strong>manu</strong></span> <span class='ocrx_word' id='word_1_62' title='bbox 1229 1178 1484 1241; x_wconf 85' lang='lat' dir='ltr'><strong>additae.</strong></span> <span class='ocrx_word' id='word_1_63' title='bbox 1729 1160 1730 1167; x_wconf 8' lang='grc' dir='ltr'>ἵ</span> 
     </span>
    </p>

    <p class='ocr_par' dir='ltr' id='par_1_3' title="bbox 348 1266 2576 1609">
     <span class='ocr_line' id='line_1_9' title="bbox 526 1266 2575 1384; baseline 0 -34"><span class='ocrx_word' id='word_1_64' title='bbox 526 1290 764 1368; x_wconf 85' lang='lat' dir='ltr'><strong>Restat,</strong></span> <span class='ocrx_word' id='word_1_65' title='bbox 837 1300 908 1351; x_wconf 89' lang='lat' dir='ltr'><strong>ut</strong></span> <span class='ocrx_word' id='word_1_66' title='bbox 964 1272 1065 1352; x_wconf 83' lang='lat' dir='ltr'><strong>eas</strong></span> <span class='ocrx_word' id='word_1_67' title='bbox 1120 1294 1406 1353; x_wconf 75' lang='lat' dir='ltr'><strong>dictiones</strong></span> <span class='ocrx_word' id='word_1_68' title='bbox 1422 1336 1443 1369; x_wconf 88' lang='lat'>‚</span> <span class='ocrx_word' id='word_1_69' title='bbox 1518 1312 1664 1374; x_wconf 83' lang='lat' dir='ltr'><strong>quae</strong></span> <span class='ocrx_word' id='word_1_70' title='bbox 1687 1266 1964 1384; x_wconf 18' lang='lat' dir='ltr'><strong>§plurium</strong></span> <span class='ocrx_word' id='word_1_71' title='bbox 2012 1293 2336 1352; x_wconf 74' lang='lat' dir='ltr'><strong>carminum</strong></span> <span class='ocrx_word' id='word_1_72' title='bbox 2378 1293 2575 1351; x_wconf 86' lang='lat' dir='ltr'><strong>titulis</strong></span> 
     </span>
     <span class='ocr_line' id='line_1_10' title="bbox 350 1411 2576 1490; baseline -0 -21"><span class='ocrx_word' id='word_1_73' title='bbox 350 1428 680 1469; x_wconf 89' lang='lat' dir='ltr'><strong>communes</strong></span> <span class='ocrx_word' id='word_1_74' title='bbox 726 1421 901 1486; x_wconf 88' lang='lat' dir='ltr'><strong>sunt,</strong></span> <span class='ocrx_word' id='word_1_75' title='bbox 942 1430 1368 1472; x_wconf 61' lang='lat' dir='ltr'><strong>,recenseamus</strong></span> <span class='ocrx_word' id='word_1_76' title='bbox 1424 1421 1599 1490; x_wconf 90' lang='lat' dir='ltr'><strong>atque</strong></span> <span class='ocrx_word' id='word_1_77' title='bbox 1652 1414 2050 1488; x_wconf 84' lang='lat' dir='ltr'><strong>illustremus;</strong></span> <span class='ocrx_word' id='word_1_78' title='bbox 2115 1411 2221 1470; x_wconf 85' lang='lat' dir='ltr'><strong>ubi</strong></span> <span class='ocrx_word' id='word_1_79' title='bbox 2273 1412 2576 1469; x_wconf 85' lang='lat' dir='ltr'><strong>literarum</strong></span> 
     </span>
     <span class='ocr_line' id='line_1_11' title="bbox 348 1528 2576 1609; baseline 0.001 -24"><span class='ocrx_word' id='word_1_80' title='bbox 348 1528 614 1596; x_wconf 78' lang='lat' dir='ltr'><strong>ordinem</strong></span> <span class='ocrx_word' id='word_1_81' title='bbox 648 1530 1003 1588; x_wconf 75' lang='lat' dir='ltr'><strong>servabimus</strong></span> <span class='ocrx_word' id='word_1_82' title='bbox 1024 1571 1044 1605; x_wconf 98' lang='lat'><strong>,</strong></span> <span class='ocrx_word' id='word_1_83' title='bbox 1088 1541 1290 1607; x_wconf 83' lang='lat' dir='ltr'><strong>utpote</strong></span> <span class='ocrx_word' id='word_1_84' title='bbox 1332 1532 1484 1604; x_wconf 86' lang='lat' dir='ltr'><strong>illis,</strong></span> <span class='ocrx_word' id='word_1_85' title='bbox 1527 1531 1630 1609; x_wconf 91' lang='lat' dir='ltr'><strong>qui</strong></span> <span class='ocrx_word' id='word_1_86' title='bbox 1668 1529 1876 1590; x_wconf 82' lang='lat' dir='ltr'><strong>harum</strong></span> <span class='ocrx_word' id='word_1_87' title='bbox 1914 1547 2113 1589; x_wconf 86' lang='lat' dir='ltr'><strong>rerum</strong></span> <span class='ocrx_word' id='word_1_88' title='bbox 2151 1528 2576 1606; x_wconf 69' lang='lat' dir='ltr'><strong>explicationes</strong></span> 
     </span>
    </p>
   </div>
   <div class='ocr_carea' id='block_1_3' title="bbox 346 1647 1240 1722">
    <p class='ocr_par' dir='ltr' id='par_1_4' title="bbox 346 1647 1240 1722">
     <span class='ocr_line' id='line_1_12' title="bbox 346 1647 1240 1722; baseline 0.006 -21"><span class='ocrx_word' id='word_1_89' title='bbox 346 1652 654 1722; x_wconf 82' lang='lat' dir='ltr'><strong>quaerunt,</strong></span> <span class='ocrx_word' id='word_1_90' title='bbox 698 1647 1240 1706; x_wconf 89' lang='lat' dir='ltr'><strong>commodissimum.</strong></span> 
     </span>
    </p>
   </div>
   <div class='ocr_carea' id='block_1_4' title="bbox 346 1822 2572 2049">
    <p class='ocr_par' dir='ltr' id='par_1_5' title="bbox 346 1822 2572 2049">
     <span class='ocr_line' id='line_1_13' title="bbox 346 1822 2572 1949; baseline -0.002 -23"><span class='ocrx_word' id='word_1_91' title='bbox 346 1830 707 1949; x_wconf 68' lang='lat' dir='ltr'><strong>Explicatio</strong></span> <span class='ocrx_word' id='word_1_92' title='bbox 749 1867 1090 1946; x_wconf 74' lang='lat' dir='ltr'><strong>⁸dicticmum</strong></span> <span class='ocrx_word' id='word_1_93' title='bbox 1145 1822 1590 1941; x_wconf 65' lang='lat' dir='ltr'><strong>nonnullarum,</strong></span> <span class='ocrx_word' id='word_1_94' title='bbox 1663 1867 1727 1924; x_wconf 77' lang='lat' dir='ltr'><strong>in</strong></span> <span class='ocrx_word' id='word_1_95' title='bbox 1775 1864 2141 1940; x_wconf 68' lang='lat' dir='ltr'><strong>Psalmorum</strong></span> <span class='ocrx_word' id='word_1_96' title='bbox 2184 1860 2387 1924; x_wconf 65' lang='lat' dir='ltr'><strong>titulis</strong></span> <span class='ocrx_word' id='word_1_97' title='bbox 2422 1863 2572 1939; x_wconf 81' lang='lat' dir='ltr'><strong>fre-</strong></span> 
     </span>
     <span class='ocr_line' id='line_1_14' title="bbox 1070 1965 2506 2049; baseline 0 -20"><span class='ocrx_word' id='word_1_98' title='bbox 1070 1965 1074 1969; x_wconf 73' lang='grc'><strong><em>’</em></strong></span> <span class='ocrx_word' id='word_1_99' title='bbox 1135 1971 1414 2049; x_wconf 72' lang='lat' dir='ltr'><strong>quentiae</strong></span> <span class='ocrx_word' id='word_1_100' title='bbox 1458 1969 1782 2040; x_wconf 74' lang='lat' dir='ltr'><strong>obvim-um.</strong></span> <span class='ocrx_word' id='word_1_101' title='bbox 2502 1978 2506 1982; x_wconf 87' lang='grc'><strong><em>’</em></strong></span> 
     </span>
    </p>
   </div>
   <div class='ocr_carea' id='block_1_5' title="bbox 1431 2100 1478 2153">
    <p class='ocr_par' dir='ltr' id='par_1_6' title="bbox 1431 2100 1478 2153">
     <span class='ocr_line' id='line_1_15' title="bbox 1431 2100 1478 2153; baseline 0 -2"><span class='ocrx_word' id='word_1_102' title='bbox 1431 2100 1478 2153; x_wconf 70' lang='grc' dir='ltr'>Ν</span> 
     </span>
    </p>
   </div>
   <div class='ocr_carea' id='block_1_6' title="bbox 257 2198 2572 2794">
    <p class='ocr_par' dir='ltr' id='par_1_7' title="bbox 257 2198 2572 2794">
     <span class='ocr_line' id='line_1_16' title="bbox 517 2198 2571 2285; baseline -0.004 -19"><span class='ocrx_word' id='word_1_103' title='bbox 517 2200 911 2285; x_wconf 53' lang='grc' dir='ltr'><strong>τπητύτῇ·’)ἒς,</strong></span> <span class='ocrx_word' id='word_1_104' title='bbox 964 2224 1037 2263; x_wconf 72' lang='grc' dir='ltr'><strong>πο</strong></span> <span class='ocrx_word' id='word_1_105' title='bbox 1069 2203 1338 2285; x_wconf 80' lang='lat' dir='ltr'><strong>perdas,</strong></span> <span class='ocrx_word' id='word_1_106' title='bbox 1390 2206 1810 2284; x_wconf 84' lang='lat' dir='ltr'><strong>praescriptum</strong></span> <span class='ocrx_word' id='word_1_107' title='bbox 1850 2202 2139 2279; x_wconf 81' lang='lat' dir='ltr'><strong>reperitur</strong></span> <span class='ocrx_word' id='word_1_108' title='bbox 2178 2200 2306 2260; x_wconf 86' lang='lat' dir='ltr'><strong>Pss.</strong></span> <span class='ocrx_word' id='word_1_109' title='bbox 2338 2199 2437 2258; x_wconf 84' lang='lat'><strong>57.</strong></span> <span class='ocrx_word' id='word_1_110' title='bbox 2469 2198 2571 2258; x_wconf 85' lang='lat'><strong>58.</strong></span> 
     </span>
     <span class='ocr_line' id='line_1_17' title="bbox 349 2273 2572 2362; baseline -0.004 -13"><span class='ocrx_word' id='word_1_111' title='bbox 349 2290 450 2349; x_wconf 85' lang='lat'><strong>59.</strong></span> <span class='ocrx_word' id='word_1_112' title='bbox 497 2294 596 2352; x_wconf 87' lang='grc'><strong>75.</strong></span> <span class='ocrx_word' id='word_1_113' title='bbox 624 2273 638 2299; x_wconf 79' lang='lat'>⁸</span> <span class='ocrx_word' id='word_1_114' title='bbox 684 2294 847 2360; x_wconf 80' lang='lat' dir='ltr'><strong>Quae</strong></span> <span class='ocrx_word' id='word_1_115' title='bbox 891 2293 1070 2350; x_wconf 89' lang='lat' dir='ltr'><strong>dictio</strong></span> <span class='ocrx_word' id='word_1_116' title='bbox 1131 2291 1200 2348; x_wconf 85' lang='lat' dir='ltr'><strong>de</strong></span> <span class='ocrx_word' id='word_1_117' title='bbox 1256 2294 1438 2350; x_wconf 75' lang='lat' dir='ltr'><strong>initio</strong></span> <span class='ocrx_word' id='word_1_118' title='bbox 1498 2292 1784 2349; x_wconf 79' lang='lat' dir='ltr'><strong>carminis</strong></span> <span class='ocrx_word' id='word_1_119' title='bbox 1827 2286 2088 2360; x_wconf 79' lang='lat' dir='ltr'><strong>alicujus</strong></span> <span class='ocrx_word' id='word_1_120' title='bbox 2132 2286 2572 2362; x_wconf 79' lang='lat' dir='ltr'><strong>interpretanda</strong></span> 
     </span>
     <span class='ocr_line' id='line_1_18' title="bbox 344 2369 2571 2454; baseline -0.004 -20"><span class='ocrx_word' id='word_1_121' title='bbox 344 2369 610 2448; x_wconf 82' lang='lat' dir='ltr'><strong>videtur,</strong></span> <span class='ocrx_word' id='word_1_122' title='bbox 686 2377 760 2432; x_wconf 83' lang='lat' dir='ltr'><strong>ad</strong></span> <span class='ocrx_word' id='word_1_123' title='bbox 806 2381 969 2454; x_wconf 86' lang='lat' dir='ltr'><strong>cujus</strong></span> <span class='ocrx_word' id='word_1_124' title='bbox 1013 2374 1215 2433; x_wconf 88' lang='lat' dir='ltr'><strong>modos</strong></span> <span class='ocrx_word' id='word_1_125' title='bbox 1260 2379 1515 2435; x_wconf 87' lang='lat' dir='ltr'><strong>carmina</strong></span> <span class='ocrx_word' id='word_1_126' title='bbox 1556 2374 1698 2433; x_wconf 88' lang='lat' dir='ltr'><strong>haec</strong></span> <span class='ocrx_word' id='word_1_127' title='bbox 1745 2392 1783 2432; x_wconf 83' lang='lat' dir='ltr'><strong>a</strong></span> <span class='ocrx_word' id='word_1_128' title='bbox 1823 2373 2111 2453; x_wconf 85' lang='lat' dir='ltr'><strong>Magistro</strong></span> <span class='ocrx_word' id='word_1_129' title='bbox 2155 2370 2321 2429; x_wconf 88' lang='lat' dir='ltr'><strong>chori</strong></span> <span class='ocrx_word' id='word_1_130' title='bbox 2360 2369 2571 2430; x_wconf 81' lang='lat' dir='ltr'><strong>musici</strong></span> 
     </span>
     <span class='ocr_line' id='line_1_19' title="bbox 257 2455 2567 2538; baseline -0.004 -17"><span class='ocrx_word' id='word_1_131' title='bbox 257 2516 263 2522; x_wconf 85' lang='lat'><strong>.</strong></span> <span class='ocrx_word' id='word_1_132' title='bbox 342 2462 568 2520; x_wconf 87' lang='lat' dir='ltr'><strong>fuerint</strong></span> <span class='ocrx_word' id='word_1_133' title='bbox 602 2462 910 2522; x_wconf 85' lang='lat' dir='ltr'><strong>cantanda.</strong></span> <span class='ocrx_word' id='word_1_134' title='bbox 988 2462 1079 2530; x_wconf 78' lang='lat' dir='ltr'><strong>Ita</strong></span> <span class='ocrx_word' id='word_1_135' title='bbox 1102 2464 1223 2536; x_wconf 80' lang='lat' dir='ltr'><strong>jam</strong></span> <span class='ocrx_word' id='word_1_136' title='bbox 1254 2462 1642 2521; x_wconf 89' lang='lat' dir='ltr'><strong>Aben-Esra.</strong></span> <span class='ocrx_word' id='word_1_137' title='bbox 1718 2461 1860 2538; x_wconf 83' lang='lat' dir='ltr'><strong>Syri</strong></span> <span class='ocrx_word' id='word_1_138' title='bbox 1901 2477 2128 2537; x_wconf 87' lang='lat' dir='ltr'><strong>quoque</strong></span> <span class='ocrx_word' id='word_1_139' title='bbox 2165 2458 2408 2515; x_wconf 86' lang='lat' dir='ltr'><strong>canticis</strong></span> <span class='ocrx_word' id='word_1_140' title='bbox 2444 2455 2567 2513; x_wconf 85' lang='lat' dir='ltr'><strong>suis</strong></span> 
     </span>
     <span class='ocr_line' id='line_1_20' title="bbox 345 2541 2566 2624; baseline -0.005 -17"><span class='ocrx_word' id='word_1_141' title='bbox 345 2550 526 2607; x_wconf 85' lang='lat' dir='ltr'><strong>sacris</strong></span> <span class='ocrx_word' id='word_1_142' title='bbox 556 2566 912 2623; x_wconf 77' lang='lat' dir='ltr'><strong>praeponere</strong></span> <span class='ocrx_word' id='word_1_143' title='bbox 941 2550 1130 2604; x_wconf 86' lang='lat' dir='ltr'><strong>solent</strong></span> <span class='ocrx_word' id='word_1_144' title='bbox 1159 2550 1348 2624; x_wconf 90' lang='lat' dir='ltr'><strong>prima</strong></span> <span class='ocrx_word' id='word_1_145' title='bbox 1387 2549 1567 2616; x_wconf 73' lang='lat' dir='ltr'><strong>verba</strong></span> <span class='ocrx_word' id='word_1_146' title='bbox 1609 2566 1809 2621; x_wconf 86' lang='lat' dir='ltr'><strong>eorum</strong></span> <span class='ocrx_word' id='word_1_147' title='bbox 1850 2541 2242 2616; x_wconf 82' lang='lat' dir='ltr'><strong>canticorum,</strong></span> <span class='ocrx_word' id='word_1_148' title='bbox 2295 2542 2369 2600; x_wconf 91' lang='lat' dir='ltr'><strong>ad</strong></span> <span class='ocrx_word' id='word_1_149' title='bbox 2417 2559 2566 2617; x_wconf 89' lang='lat' dir='ltr'><strong>quo-</strong></span> 
     </span>
     <span class='ocr_line' id='line_1_21' title="bbox 342 2622 2569 2704; baseline -0.004 -13"><span class='ocrx_word' id='word_1_150' title='bbox 342 2652 474 2691; x_wconf 92' lang='lat' dir='ltr'><strong>rum</strong></span> <span class='ocrx_word' id='word_1_151' title='bbox 527 2626 803 2689; x_wconf 79' lang='lat' dir='ltr'><strong>modulos</strong></span> <span class='ocrx_word' id='word_1_152' title='bbox 845 2633 950 2690; x_wconf 87' lang='lat' dir='ltr'><strong>illa</strong></span> <span class='ocrx_word' id='word_1_153' title='bbox 1003 2634 1126 2692; x_wconf 86' lang='lat' dir='ltr'><strong>sint</strong></span> <span class='ocrx_word' id='word_1_154' title='bbox 1179 2634 1456 2691; x_wconf 86' lang='lat' dir='ltr'><strong>canenda.</strong></span> <span class='ocrx_word' id='word_1_155' title='bbox 1540 2631 1631 2693; x_wconf 89' lang='lat' dir='ltr'><strong>Cf.</strong></span> <span class='ocrx_word' id='word_1_156' title='bbox 1678 2632 1788 2691; x_wconf 82' lang='lat' dir='ltr'><strong>das</strong></span> <span class='ocrx_word' id='word_1_157' title='bbox 1831 2630 1953 2689; x_wconf 84' lang='lat' dir='ltr'><strong>alte</strong></span> <span class='ocrx_word' id='word_1_158' title='bbox 1996 2649 2053 2689; x_wconf 81' lang='lat' dir='ltr'><strong>u.</strong></span> <span class='ocrx_word' id='word_1_159' title='bbox 2099 2646 2241 2688; x_wconf 80' lang='lat' dir='ltr'><strong>neue</strong></span> <span class='ocrx_word' id='word_1_160' title='bbox 2278 2622 2569 2704; x_wconf 83' lang='lat' dir='ltr'><strong>Morgenl.</strong></span> 
     </span>
     <span class='ocr_line' id='line_1_22' title="bbox 341 2717 1571 2794; baseline -0.002 -19"><span class='ocrx_word' id='word_1_161' title='bbox 341 2717 410 2775; x_wconf 92' lang='grc' dir='ltr'><strong>Ρ.</strong></span> <span class='ocrx_word' id='word_1_162' title='bbox 451 2720 513 2775; x_wconf 88' lang='grc'><strong>4.</strong></span> <span class='ocrx_word' id='word_1_163' title='bbox 568 2736 624 2794; x_wconf 90' lang='lat' dir='ltr'><strong>p.</strong></span> <span class='ocrx_word' id='word_1_164' title='bbox 668 2718 774 2776; x_wconf 83' lang='lat'><strong>21.</strong></span> <span class='ocrx_word' id='word_1_165' title='bbox 1374 2735 1379 2740; x_wconf 87' lang='lat'><strong>·</strong></span> <span class='ocrx_word' id='word_1_166' title='bbox 1563 2733 1571 2760; x_wconf 58' lang='grc' dir='ltr'><em>ν</em></span> 
     </span>
    </p>
   </div>
   <div class='ocr_carea' id='block_1_7' title="bbox 1432 2886 1462 2934">
    <p class='ocr_par' dir='ltr' id='par_1_8' title="bbox 1432 2886 1462 2934">
     <span class='ocr_line' id='line_1_23' title="bbox 1432 2886 1462 2934; baseline 0 -3"><span class='ocrx_word' id='word_1_167' title='bbox 1432 2886 1462 2934; x_wconf 66' lang='lat'>2</span> 
     </span>
    </p>
   </div>
   <div class='ocr_carea' id='block_1_8' title="bbox 342 2972 2569 3327">
    <p class='ocr_par' dir='ltr' id='par_1_9' title="bbox 342 2972 2569 3327">
     <span class='ocr_line' id='line_1_24' title="bbox 514 2972 2569 3069; baseline -0.005 -21"><span class='ocrx_word' id='word_1_168' title='bbox 514 2996 672 3067; x_wconf 58' lang='lat' dir='ltr'><strong>mm!</strong></span> <span class='ocrx_word' id='word_1_169' title='bbox 716 2986 842 3045; x_wconf 88' lang='lat' dir='ltr'><strong>Pss.</strong></span> <span class='ocrx_word' id='word_1_170' title='bbox 878 2992 933 3047; x_wconf 88' lang='lat'><strong>8.</strong></span> <span class='ocrx_word' id='word_1_171' title='bbox 968 2988 1064 3048; x_wconf 88' lang='lat'><strong>81.</strong></span> <span class='ocrx_word' id='word_1_172' title='bbox 1098 2990 1198 3046; x_wconf 89' lang='grc'><strong>84.</strong></span> <span class='ocrx_word' id='word_1_173' title='bbox 1235 2993 1494 3069; x_wconf 87' lang='lat' dir='ltr'><strong>plerique</strong></span> <span class='ocrx_word' id='word_1_174' title='bbox 1525 3009 1631 3067; x_wconf 88' lang='lat' dir='ltr'><strong>pro</strong></span> <span class='ocrx_word' id='word_1_175' title='bbox 1660 2984 2045 3047; x_wconf 73' lang='lat' dir='ltr'><strong>instrumenti</strong></span> <span class='ocrx_word' id='word_1_176' title='bbox 2078 2972 2292 3041; x_wconf 65' lang='lat' dir='ltr'><strong>musici</strong></span> <span class='ocrx_word' id='word_1_177' title='bbox 2332 2982 2569 3040; x_wconf 90' lang='lat' dir='ltr'><strong>nomine</strong></span> 
     </span>
     <span class='ocr_line' id='line_1_25' title="bbox 342 3068 2567 3154; baseline -0.004 -23"><span class='ocrx_word' id='word_1_178' title='bbox 342 3072 579 3131; x_wconf 82' lang='lat' dir='ltr'><strong>habent.</strong></span> <span class='ocrx_word' id='word_1_179' title='bbox 665 3074 852 3148; x_wconf 83' lang='lat' dir='ltr'><strong>Atque</strong></span> <span class='ocrx_word' id='word_1_180' title='bbox 894 3072 1003 3129; x_wconf 86' lang='lat' dir='ltr'><strong>alii</strong></span> <span class='ocrx_word' id='word_1_181' title='bbox 1043 3073 1273 3151; x_wconf 87' lang='lat' dir='ltr'><strong>quidem</strong></span> <span class='ocrx_word' id='word_1_182' title='bbox 1320 3073 1383 3154; x_wconf 91' lang='lat' dir='ltr'><strong>l)</strong></span> <span class='ocrx_word' id='word_1_183' title='bbox 1431 3079 1877 3133; x_wconf 85' lang='lat' dir='ltr'><strong>instrumentum</strong></span> <span class='ocrx_word' id='word_1_184' title='bbox 1924 3079 2129 3148; x_wconf 88' lang='lat' dir='ltr'><strong>putant</strong></span> <span class='ocrx_word' id='word_1_185' title='bbox 2164 3086 2289 3124; x_wconf 87' lang='lat' dir='ltr'><strong>esse</strong></span> <span class='ocrx_word' id='word_1_186' title='bbox 2323 3068 2567 3125; x_wconf 81' lang='lat' dir='ltr'><strong>allatum</strong></span> 
     </span>
     <span class='ocr_line' id='line_1_26' title="bbox 345 3150 2568 3237; baseline -0.003 -22"><span class='ocrx_word' id='word_1_187' title='bbox 345 3177 418 3215; x_wconf 85' lang='lat' dir='ltr'><strong>ex</strong></span> <span class='ocrx_word' id='word_1_188' title='bbox 462 3157 604 3214; x_wconf 89' lang='lat' dir='ltr'><strong>urbe</strong></span> <span class='ocrx_word' id='word_1_189' title='bbox 642 3156 806 3214; x_wconf 72' lang='lat' dir='ltr'><em>Gath</em></span> <span class='ocrx_word' id='word_1_190' title='bbox 834 3156 1102 3215; x_wconf 75' lang='lat' dir='ltr'><strong>Rimmon</strong></span> <span class='ocrx_word' id='word_1_191' title='bbox 1139 3155 1317 3237; x_wconf 87' lang='lat' dir='ltr'><strong>(quae</strong></span> <span class='ocrx_word' id='word_1_192' title='bbox 1358 3181 1394 3218; x_wconf 84' lang='lat' dir='ltr'><strong>a</strong></span> <span class='ocrx_word' id='word_1_193' title='bbox 1436 3161 1592 3218; x_wconf 89' lang='lat' dir='ltr'><strong>tribu</strong></span> <span class='ocrx_word' id='word_1_194' title='bbox 1637 3157 2015 3219; x_wconf 78' lang='lat' dir='ltr'><strong>Manassitica</strong></span> <span class='ocrx_word' id='word_1_195' title='bbox 2059 3164 2120 3213; x_wconf 89' lang='lat' dir='ltr'><strong>et</strong></span> <span class='ocrx_word' id='word_1_196' title='bbox 2153 3150 2432 3210; x_wconf 83' lang='lat' dir='ltr'><strong>Danitica</strong></span> <span class='ocrx_word' id='word_1_197' title='bbox 2474 3150 2568 3208; x_wconf 83' lang='lat' dir='ltr'><strong>fa-</strong></span> 
     </span>
     <span class='ocr_line' id='line_1_27' title="bbox 344 3235 2567 3327; baseline -0.005 -24"><span class='ocrx_word' id='word_1_198' title='bbox 344 3245 541 3303; x_wconf 80' lang='lat' dir='ltr'><strong>miliae</strong></span> <span class='ocrx_word' id='word_1_199' title='bbox 581 3235 1026 3300; x_wconf 84' lang='lat' dir='ltr'><strong>Cahathitarum</strong></span> <span class='ocrx_word' id='word_1_200' title='bbox 1071 3247 1358 3305; x_wconf 85' lang='lat' dir='ltr'><strong>attributa</strong></span> <span class='ocrx_word' id='word_1_201' title='bbox 1399 3247 1618 3327; x_wconf 82' lang='lat' dir='ltr'><strong>legitur</strong></span> <span class='ocrx_word' id='word_1_202' title='bbox 1663 3241 1785 3303; x_wconf 85' lang='lat' dir='ltr'><strong>Jos.</strong></span> <span class='ocrx_word' id='word_1_203' title='bbox 1813 3243 1917 3313; x_wconf 79' lang='lat'><strong>21,</strong></span> <span class='ocrx_word' id='word_1_204' title='bbox 1951 3242 2086 3309; x_wconf 85' lang='lat'><strong>24.‚</strong></span> <span class='ocrx_word' id='word_1_205' title='bbox 2149 3237 2302 3295; x_wconf 90' lang='lat' dir='ltr'><strong>unde</strong></span> <span class='ocrx_word' id='word_1_206' title='bbox 2346 3236 2567 3317; x_wconf 77' lang='lat' dir='ltr'><strong>gentile</strong></span> 
     </span>
    </p>
   </div>
   <div class='ocr_carea' id='block_1_9' title="bbox 242 3321 2569 3411">
    <p class='ocr_par' dir='ltr' id='par_1_10' title="bbox 242 3321 2569 3411">
     <span class='ocr_line' id='line_1_28' title="bbox 242 3321 2569 3411; baseline -0.004 -25"><span class='ocrx_word' id='word_1_207' title='bbox 242 3339 243 3346; x_wconf 76' lang='grc'>’</span> <span class='ocrx_word' id='word_1_208' title='bbox 341 3346 554 3386; x_wconf 89' lang='lat' dir='ltr'><strong>nomen</strong></span> <span class='ocrx_word' id='word_1_209' title='bbox 592 3329 655 3383; x_wconf 78' lang='lat' dir='ltr'><strong>in</strong></span> <span class='ocrx_word' id='word_1_210' title='bbox 693 3329 1012 3384; x_wconf 84' lang='lat' dir='ltr'><strong>masculina</strong></span> <span class='ocrx_word' id='word_1_211' title='bbox 1040 3331 1450 3389; x_wconf 81' lang='lat' dir='ltr'><strong>terminatione</strong></span> <span class='ocrx_word' id='word_1_212' title='bbox 1487 3344 1630 3411; x_wconf 54' lang='grc' dir='ltr'><strong>πῃ,</strong></span> <span class='ocrx_word' id='word_1_213' title='bbox 1677 3324 2038 3397; x_wconf 77' lang='lat' dir='ltr'><strong>Gitthaeus,</strong></span> <span class='ocrx_word' id='word_1_214' title='bbox 2085 3332 2255 3400; x_wconf 88' lang='lat' dir='ltr'><strong>atque</strong></span> <span class='ocrx_word' id='word_1_215' title='bbox 2285 3321 2569 3379; x_wconf 85' lang='lat' dir='ltr'><strong>feminina</strong></span> 
     </span>
    </p>
   </div>
   <div class='ocr_carea' id='block_1_10' title="bbox 340 3406 2567 4425">
    <p class='ocr_par' dir='ltr' id='par_1_11' title="bbox 340 3406 2567 4336">
     <span class='ocr_line' id='line_1_29' title="bbox 342 3406 2567 3493; baseline -0.004 -21"><span class='ocrx_word' id='word_1_216' title='bbox 342 3425 499 3491; x_wconf 45' lang='lat' dir='ltr'><strong>nfltqq</strong></span> <span class='ocrx_word' id='word_1_217' title='bbox 522 3406 568 3487; x_wconf 93' lang='lat'><strong>).</strong></span> <span class='ocrx_word' id='word_1_218' title='bbox 654 3412 854 3487; x_wconf 86' lang='lat' dir='ltr'><strong>Neque</strong></span> <span class='ocrx_word' id='word_1_219' title='bbox 909 3410 1049 3469; x_wconf 86' lang='lat' dir='ltr'><strong>haec</strong></span> <span class='ocrx_word' id='word_1_220' title='bbox 1105 3418 1394 3473; x_wconf 87' lang='lat' dir='ltr'><strong>sententia</strong></span> <span class='ocrx_word' id='word_1_221' title='bbox 1454 3434 1691 3493; x_wconf 77' lang='lat' dir='ltr'><strong>prorsus</strong></span> <span class='ocrx_word' id='word_1_222' title='bbox 1748 3413 1977 3471; x_wconf 85' lang='lat' dir='ltr'><strong>videtur</strong></span> <span class='ocrx_word' id='word_1_223' title='bbox 2020 3407 2377 3485; x_wconf 86' lang='lat' dir='ltr'><strong>repudianda</strong></span> <span class='ocrx_word' id='word_1_224' title='bbox 2424 3422 2567 3463; x_wconf 86' lang='lat' dir='ltr'><strong>esse.</strong></span> 
     </span>
     <span class='ocr_line' id='line_1_30' title="bbox 340 3486 2567 3576; baseline -0.003 -25"><span class='ocrx_word' id='word_1_225' title='bbox 340 3496 510 3557; x_wconf 83' lang='lat' dir='ltr'><strong>Nihil</strong></span> <span class='ocrx_word' id='word_1_226' title='bbox 551 3499 704 3558; x_wconf 87' lang='lat' dir='ltr'><strong>enim</strong></span> <span class='ocrx_word' id='word_1_227' title='bbox 747 3498 1021 3554; x_wconf 81' lang='lat' dir='ltr'><strong>usitatius</strong></span> <span class='ocrx_word' id='word_1_228' title='bbox 1060 3506 1179 3572; x_wconf 89' lang='lat' dir='ltr'><strong>est,</strong></span> <span class='ocrx_word' id='word_1_229' title='bbox 1238 3518 1410 3576; x_wconf 85' lang='lat' dir='ltr'><strong>quam</strong></span> <span class='ocrx_word' id='word_1_230' title='bbox 1460 3503 1848 3576; x_wconf 82' lang='lat' dir='ltr'><strong>instrumenta</strong></span> <span class='ocrx_word' id='word_1_231' title='bbox 1888 3497 2111 3553; x_wconf 88' lang='lat' dir='ltr'><strong>musica</strong></span> <span class='ocrx_word' id='word_1_232' title='bbox 2156 3510 2367 3550; x_wconf 88' lang='lat' dir='ltr'><strong>nomen</strong></span> <span class='ocrx_word' id='word_1_233' title='bbox 2412 3486 2567 3567; x_wconf 79' lang='lat' dir='ltr'><strong>apud</strong></span> 
     </span>
     <span class='ocr_line' id='line_1_31' title="bbox 340 3576 2564 3663; baseline -0.004 -24"><span class='ocrx_word' id='word_1_234' title='bbox 340 3590 565 3639; x_wconf 81' lang='lat' dir='ltr'><strong>veteres</strong></span> <span class='ocrx_word' id='word_1_235' title='bbox 606 3583 812 3638; x_wconf 87' lang='lat' dir='ltr'><strong>sortiri</strong></span> <span class='ocrx_word' id='word_1_236' title='bbox 854 3600 889 3639; x_wconf 91' lang='lat' dir='ltr'><strong>a</strong></span> <span class='ocrx_word' id='word_1_237' title='bbox 928 3584 1096 3656; x_wconf 91' lang='lat' dir='ltr'><strong>loco,</strong></span> <span class='ocrx_word' id='word_1_238' title='bbox 1156 3583 1258 3641; x_wconf 89' lang='lat' dir='ltr'><strong>ubi</strong></span> <span class='ocrx_word' id='word_1_239' title='bbox 1304 3586 1575 3663; x_wconf 88' lang='lat' dir='ltr'><strong>primitus</strong></span> <span class='ocrx_word' id='word_1_240' title='bbox 1624 3587 1896 3653; x_wconf 85' lang='lat' dir='ltr'><strong>inventa,</strong></span> <span class='ocrx_word' id='word_1_241' title='bbox 1958 3589 2059 3638; x_wconf 84' lang='lat' dir='ltr'><strong>aut</strong></span> <span class='ocrx_word' id='word_1_242' title='bbox 2102 3576 2564 3654; x_wconf 75' lang='lat' dir='ltr'><strong>frequentissime</strong></span> 
     </span>
     <span class='ocr_line' id='line_1_32' title="bbox 343 3658 2565 3743; baseline -0.002 -22"><span class='ocrx_word' id='word_1_243' title='bbox 343 3674 594 3722; x_wconf 86' lang='lat' dir='ltr'><strong>tractata</strong></span> <span class='ocrx_word' id='word_1_244' title='bbox 636 3675 842 3723; x_wconf 88' lang='lat' dir='ltr'><strong>essent.</strong></span> <span class='ocrx_word' id='word_1_245' title='bbox 925 3666 1083 3725; x_wconf 85' lang='lat' dir='ltr'><strong>Nota</strong></span> <span class='ocrx_word' id='word_1_246' title='bbox 1126 3677 1265 3727; x_wconf 88' lang='lat' dir='ltr'><strong>sunt</strong></span> <span class='ocrx_word' id='word_1_247' title='bbox 1305 3673 1691 3727; x_wconf 81' lang='lat' dir='ltr'><strong>instrumenta</strong></span> <span class='ocrx_word' id='word_1_248' title='bbox 1731 3666 1945 3743; x_wconf 78' lang='lat' dir='ltr'><strong>Lydia,</strong></span> <span class='ocrx_word' id='word_1_249' title='bbox 1985 3663 2292 3740; x_wconf 73' lang='lat' dir='ltr'><strong>Phrygia5</strong></span> <span class='ocrx_word' id='word_1_250' title='bbox 2338 3658 2565 3740; x_wconf 31' lang='lat' dir='ltr'><strong>noti⁴in</strong></span> 
     </span>
     <span class='ocr_line' id='line_1_33' title="bbox 340 3741 2566 3830; baseline -0.003 -22"><span class='ocrx_word' id='word_1_251' title='bbox 340 3748 582 3808; x_wconf 89' lang='lat' dir='ltr'><strong>Musicis</strong></span> <span class='ocrx_word' id='word_1_252' title='bbox 622 3753 752 3808; x_wconf 86' lang='lat' dir='ltr'><strong>toni</strong></span> <span class='ocrx_word' id='word_1_253' title='bbox 792 3748 1025 3825; x_wconf 73' lang='lat' dir='ltr'><strong>Darii„</strong></span> <span class='ocrx_word' id='word_1_254' title='bbox 1057 3751 1252 3830; x_wconf 74' lang='lat' dir='ltr'><strong>Lydii,</strong></span> <span class='ocrx_word' id='word_1_255' title='bbox 1295 3754 1548 3826; x_wconf 75' lang='lat' dir='ltr'><strong>Aeolici,</strong></span> <span class='ocrx_word' id='word_1_256' title='bbox 1589 3751 1806 3811; x_wconf 76' lang='lat' dir='ltr'><strong>Ionici.</strong></span> <span class='ocrx_word' id='word_1_257' title='bbox 1890 3748 2009 3808; x_wconf 86' lang='lat' dir='ltr'><strong>Alii</strong></span> <span class='ocrx_word' id='word_1_258' title='bbox 2051 3767 2191 3807; x_wconf 81' lang='lat' dir='ltr'><strong>vero</strong></span> <span class='ocrx_word' id='word_1_259' title='bbox 2238 3741 2309 3824; x_wconf 86' lang='lat'><strong>2)</strong></span> <span class='ocrx_word' id='word_1_260' title='bbox 2352 3753 2566 3803; x_wconf 88' lang='lat' dir='ltr'><strong>nomen</strong></span> 
     </span>
     <span class='ocr_line' id='line_1_34' title="bbox 342 3830 2565 3918; baseline -0 -27"><span class='ocrx_word' id='word_1_261' title='bbox 342 3846 501 3915; x_wconf 56' lang='lat' dir='ltr'><strong>rvr-323</strong></span> <span class='ocrx_word' id='word_1_262' title='bbox 550 3836 813 3893; x_wconf 82' lang='lat' dir='ltr'><strong>referunt</strong></span> <span class='ocrx_word' id='word_1_263' title='bbox 853 3837 927 3894; x_wconf 87' lang='lat' dir='ltr'><strong>ad</strong></span> <span class='ocrx_word' id='word_1_264' title='bbox 973 3838 1390 3910; x_wconf 80' lang='lat' dir='ltr'><strong>appellativum</strong></span> <span class='ocrx_word' id='word_1_265' title='bbox 1438 3852 1556 3918; x_wconf 42' lang='grc' dir='ltr'><strong>επεὶ,</strong></span> <span class='ocrx_word' id='word_1_266' title='bbox 1613 3856 1808 3918; x_wconf 84' lang='lat' dir='ltr'><strong>cupa,</strong></span> <span class='ocrx_word' id='word_1_267' title='bbox 1865 3836 1930 3892; x_wconf 88' lang='lat' dir='ltr'><strong>in</strong></span> <span class='ocrx_word' id='word_1_268' title='bbox 1978 3852 2090 3911; x_wconf 81' lang='lat' dir='ltr'><strong>qua</strong></span> <span class='ocrx_word' id='word_1_269' title='bbox 2131 3849 2277 3891; x_wconf 85' lang='lat' dir='ltr'><strong>uvae</strong></span> <span class='ocrx_word' id='word_1_270' title='bbox 2322 3830 2565 3906; x_wconf 71' lang='lat' dir='ltr'><strong>pedibus</strong></span> 
     </span>
     <span class='ocr_line' id='line_1_35' title="bbox 343 3911 2564 4005; baseline 0.003 -30"><span class='ocrx_word' id='word_1_271' title='bbox 343 3922 796 3994; x_wconf 85' lang='lat' dir='ltr'><strong>conculcantur,</strong></span> <span class='ocrx_word' id='word_1_272' title='bbox 855 3923 1160 3995; x_wconf 81' lang='lat' dir='ltr'><strong>torcular,</strong></span> <span class='ocrx_word' id='word_1_273' title='bbox 1221 3926 1284 3981; x_wconf 90' lang='lat' dir='ltr'><strong>in</strong></span> <span class='ocrx_word' id='word_1_274' title='bbox 1325 3923 1484 3981; x_wconf 87' lang='lat' dir='ltr'><strong>Plur.</strong></span> <span class='ocrx_word' id='word_1_275' title='bbox 1528 3925 1705 4005; x_wconf 44' lang='lat' dir='ltr'><strong>nir-³3.</strong></span> <span class='ocrx_word' id='word_1_276' title='bbox 1785 3919 2108 3979; x_wconf 85' lang='lat' dir='ltr'><strong>Discedunt</strong></span> <span class='ocrx_word' id='word_1_277' title='bbox 2153 3927 2346 3974; x_wconf 68' lang='lat' dir='ltr'><strong>tamen</strong></span> <span class='ocrx_word' id='word_1_278' title='bbox 2397 3921 2457 3969; x_wconf 73' lang='lat'><strong>0¹²</strong></span> <span class='ocrx_word' id='word_1_279' title='bbox 2499 3911 2564 3968; x_wconf 69' lang='lat' dir='ltr'><strong>hi</strong></span> 
     </span>
     <span class='ocr_line' id='line_1_36' title="bbox 343 3995 2565 4085; baseline -0.004 -24"><span class='ocrx_word' id='word_1_280' title='bbox 343 4003 612 4067; x_wconf 83' lang='lat' dir='ltr'><strong>invicem.</strong></span> <span class='ocrx_word' id='word_1_281' title='bbox 698 4006 816 4064; x_wconf 84' lang='lat' dir='ltr'><strong>Alii</strong></span> <span class='ocrx_word' id='word_1_282' title='bbox 858 4008 1010 4064; x_wconf 89' lang='lat' dir='ltr'><strong>enim</strong></span> <span class='ocrx_word' id='word_1_283' title='bbox 1054 4005 1124 4085; x_wconf 82' lang='lat' dir='ltr'><strong>a)</strong></span> <span class='ocrx_word' id='word_1_284' title='bbox 1155 4010 1604 4066; x_wconf 88' lang='lat' dir='ltr'><strong>instrumentum</strong></span> <span class='ocrx_word' id='word_1_285' title='bbox 1645 4006 1880 4084; x_wconf 87' lang='lat' dir='ltr'><strong>aliquod</strong></span> <span class='ocrx_word' id='word_1_286' title='bbox 1918 4005 2200 4060; x_wconf 88' lang='lat' dir='ltr'><strong>musicum</strong></span> <span class='ocrx_word' id='word_1_287' title='bbox 2242 4002 2329 4055; x_wconf 80' lang='lat' dir='ltr'><strong>ita</strong></span> <span class='ocrx_word' id='word_1_288' title='bbox 2369 3995 2565 4071; x_wconf 88' lang='lat' dir='ltr'><strong>appel-</strong></span> 
     </span>
     <span class='ocr_line' id='line_1_37' title="bbox 343 4078 2563 4170; baseline -0 -24"><span class='ocrx_word' id='word_1_289' title='bbox 343 4088 525 4146; x_wconf 76' lang='lat' dir='ltr'><strong>latum</strong></span> <span class='ocrx_word' id='word_1_290' title='bbox 555 4091 931 4165; x_wconf 85' lang='lat' dir='ltr'><strong>existimant,</strong></span> <span class='ocrx_word' id='word_1_291' title='bbox 977 4093 1130 4167; x_wconf 86' lang='lat' dir='ltr'><strong>quod</strong></span> <span class='ocrx_word' id='word_1_292' title='bbox 1161 4092 1407 4151; x_wconf 85' lang='lat' dir='ltr'><strong>formam</strong></span> <span class='ocrx_word' id='word_1_293' title='bbox 1434 4102 1493 4151; x_wconf 93' lang='lat' dir='ltr'><strong>et</strong></span> <span class='ocrx_word' id='word_1_294' title='bbox 1526 4084 1771 4170; x_wconf 84' lang='lat' dir='ltr'><strong>speciem</strong></span> <span class='ocrx_word' id='word_1_295' title='bbox 1804 4090 2113 4147; x_wconf 88' lang='lat' dir='ltr'><strong>torcularis</strong></span> <span class='ocrx_word' id='word_1_296' title='bbox 2142 4078 2563 4160; x_wconf 72' lang='lat' dir='ltr'><strong>quodammodo</strong></span> 
     </span>
     <span class='ocr_line' id='line_1_38' title="bbox 343 4167 2564 4254; baseline -0.005 -21"><span class='ocrx_word' id='word_1_297' title='bbox 343 4172 620 4247; x_wconf 83' lang='lat' dir='ltr'><strong>referret3</strong></span> <span class='ocrx_word' id='word_1_298' title='bbox 697 4177 828 4232; x_wconf 84' lang='lat' dir='ltr'><strong>aliis</strong></span> <span class='ocrx_word' id='word_1_299' title='bbox 875 4175 931 4254; x_wconf 81' lang='lat' dir='ltr'><strong>b)</strong></span> <span class='ocrx_word' id='word_1_300' title='bbox 976 4187 1063 4234; x_wconf 90' lang='lat' dir='ltr'><strong>est</strong></span> <span class='ocrx_word' id='word_1_301' title='bbox 1104 4180 1390 4252; x_wconf 78' lang='lat' dir='ltr'><strong>musicum</strong></span> <span class='ocrx_word' id='word_1_302' title='bbox 1438 4179 1883 4236; x_wconf 89' lang='lat' dir='ltr'><strong>instrumentum</strong></span> <span class='ocrx_word' id='word_1_303' title='bbox 1902 4212 1923 4245; x_wconf 87' lang='lat'><strong>‚</strong></span> <span class='ocrx_word' id='word_1_304' title='bbox 1977 4176 2042 4230; x_wconf 88' lang='lat' dir='ltr'><strong>in</strong></span> <span class='ocrx_word' id='word_1_305' title='bbox 2087 4167 2317 4251; x_wconf 83' lang='lat' dir='ltr'><strong>gaudiis</strong></span> <span class='ocrx_word' id='word_1_306' title='bbox 2364 4175 2564 4223; x_wconf 89' lang='lat' dir='ltr'><strong>torcu-</strong></span> 
     </span>
     <span class='ocr_line' id='line_1_39' title="bbox 346 4248 2561 4336; baseline -0.002 -23"><span class='ocrx_word' id='word_1_307' title='bbox 346 4258 592 4331; x_wconf 80' lang='lat' dir='ltr'><strong>larium,</strong></span> <span class='ocrx_word' id='word_1_308' title='bbox 642 4262 765 4318; x_wconf 76' lang='lat' dir='ltr'><strong>sive</strong></span> <span class='ocrx_word' id='word_1_309' title='bbox 802 4262 1126 4321; x_wconf 81' lang='lat' dir='ltr'><strong>vindemiae</strong></span> <span class='ocrx_word' id='word_1_310' title='bbox 1165 4264 1463 4321; x_wconf 85' lang='lat' dir='ltr'><strong>usitatum.</strong></span> <span class='ocrx_word' id='word_1_311' title='bbox 1547 4260 1895 4320; x_wconf 75' lang='lat' dir='ltr'><strong>MchAEms</strong></span> <span class='ocrx_word' id='word_1_312' title='bbox 1931 4252 2209 4336; x_wconf 80' lang='lat' dir='ltr'><strong>(Suppu.</strong></span> <span class='ocrx_word' id='word_1_313' title='bbox 2250 4251 2335 4311; x_wconf 83' lang='lat' dir='ltr'><strong>ad</strong></span> <span class='ocrx_word' id='word_1_314' title='bbox 2367 4248 2561 4312; x_wconf 61' lang='grc' dir='ltr'><strong>Βᾶτε.</strong></span> 
     </span>
    </p>

    <p class='ocr_par' dir='ltr' id='par_1_12' title="bbox 346 4335 2560 4425">
     <span class='ocr_line' id='line_1_40' title="bbox 346 4335 2560 4425; baseline 0.006 -28"><span class='ocrx_word' id='word_1_315' title='bbox 346 4338 569 4401; x_wconf 80' lang='lat' dir='ltr'><strong>Hebrr.</strong></span> <span class='ocrx_word' id='word_1_316' title='bbox 612 4340 680 4409; x_wconf 76' lang='lat' dir='ltr'><strong>P.</strong></span> <span class='ocrx_word' id='word_1_317' title='bbox 715 4346 775 4403; x_wconf 86' lang='lat'><strong>2.</strong></span> <span class='ocrx_word' id='word_1_318' title='bbox 819 4365 876 4423; x_wconf 92' lang='lat' dir='ltr'><strong>p.</strong></span> <span class='ocrx_word' id='word_1_319' title='bbox 911 4343 1130 4425; x_wconf 84' lang='lat'><strong>382.):</strong></span> <span class='ocrx_word' id='word_1_320' title='bbox 1190 4388 1233 4423; x_wconf 88' lang='lat'>„</span> <span class='ocrx_word' id='word_1_321' title='bbox 1249 4346 1560 4420; x_wconf 74' lang='lat' dir='ltr'><strong>solebant,</strong></span> <span class='ocrx_word' id='word_1_322' title='bbox 1616 4346 1847 4425; x_wconf 84' lang='lat' dir='ltr'><strong>inquit,</strong></span> <span class='ocrx_word' id='word_1_323' title='bbox 1904 4343 2211 4422; x_wconf 67' lang='lat' dir='ltr'><strong>solentque</strong></span> <span class='ocrx_word' id='word_1_324' title='bbox 2252 4336 2443 4399; x_wconf 60' lang='lat' dir='ltr'><strong>adhue</strong></span> <span class='ocrx_word' id='word_1_325' title='bbox 2488 4335 2560 4395; x_wconf 68' lang='lat'><strong>⁸¹)</strong></span> 
     </span>
    </p>
   </div>
  </div>
 </body>
</html>
