2807 4913
1100 262 1224 330 Po.
1273 276 1391 326 22·
2219 261 2366 333 143
2439 305 2442 310 >

204 450 397 510 attalia
424 449 530 508 sibi
555 464 808 524 unquam
835 446 1123 519 accidant,
1156 445 1352 523 qualia
1383 442 1637 502 celebrat
1671 456 1809 517 pars
1832 446 2118 521 posterior
2153 448 2365 509 encha-

202 534 380 593 ristica.
435 537 622 603 Quare
657 551 774 591 non
804 531 1135 591 dubitamus
1165 549 1296 587 cum
1324 528 1606 588 Hebraeis
1639 530 2054 602 interpretibus
2085 531 2238 591 hunc
2261 535 2362 595 Ps.

200 621 261 676 iis
281 639 587 692 accensere,
644 620 747 694 qui
779 619 962 677 totius
994 616 1195 692 populi
1223 613 1477 673 Hebraei
1500 614 1710 672 acerba
1737 611 1861 672 fata
1889 615 2047 674 inter
2077 616 2362 678 barbaros
2397 635 2402 640 ·

201 724 513 781 oppressores
565 704 672 761 sub
714 703 970 781 imagine
1010 700 1266 758 hominis
1307 700 1471 757 omni
1508 700 1869 757 cruciatuum
1913 719 2123 778 genere
2162 703 2362 763 affecti

197 798 612 865 conqueruntur,
676 797 849 862 atque
881 787 1139 846 divinam
1165 803 1331 859 opem
1359 784 1706 860 implorant,
1751 784 1965 859 ,quale-
1996 784 2102 843 Pss
2150 786 2364 847 habui-

196 892 291 931 mus
329 878 381 932 6.
426 877 519 931 12.
563 882 624 931 et
672 874 770 930 13.
817 881 877 929 et
919 868 1405 948 deprehendemus
1450 870 1641 944 plures
1687 870 1858 926 alios.
1943 870 2076 938 Qua
2126 874 2363 948 quidem

195 961 435 1016 sententia
464 959 700 1032 adscita
740 956 1031 1015 Psalmum
1077 972 1200 1013 non
1240 972 1366 1013 esse
1409 951 1689 1024 navidis,
1742 955 1849 1012 vix
1892 963 1984 1012 est
2026 958 2180 1032 quod
2228 977 2361 1017 mo-

191 1059 401 1100 neamus.
482 1042 604 1102 Cur
649 1052 841 1101 autem
888 1040 1024 1100 huie
1061 1040 1306 1113 aliisque
1353 1038 1479 1097 Pas.
1523 1035 1771 1095 Davidis
1816 1057 2026 1097 nomen
2070 1043 2152 1099 sit
2189 1059 2364 1117 prae·

190 1123 451 1203 scriptum,
493 1130 783 1187 rationem
819 1126 1174 1205 probabilem
1202 1124 1441 1183 reddere
1469 1125 1819 1181 tentavimus
1844 1123 1951 1183 sub
1977 1124 2151 1184 finem
2178 1146 2363 1210 argu·

188 1214 332 1269 menti
367 1212 454 1269 Ps.
500 1215 598 1271 13.
2165 1249 2180 1256 -

323 1295 482 1371 Jesu,
524 1296 806 1370 Messiae‚
851 1298 917 1353 in
957 1311 1184 1353 erucem
1218 1292 1372 1364 acti,
1415 1302 1474 1350 et
1508 1294 1629 1366 jam
1670 1294 1974 1352 morientis
2004 1290 2125 1352 fata
2151 1297 2216 1355 in
2243 1295 2362 1364 boc

187 1377 258 1437 Ps.
286 1382 639 1455 adumbrari,
678 1384 795 1440 imo
827 1383 1050 1439 nullum
1085 1397 1243 1451 esse,
1286 1386 1574 1455 quotquot
1603 1380 1725 1435 sint
1753 1381 2084 1458 argumenti
2110 1381 2360 1459 prophe-

187 1468 267 1523 tici
302 1466 585 1542 carmina,
641 1467 796 1544 quod
833 1465 945 1524 hoc
987 1473 1193 1522 nostro
1238 1464 1594 1548 praeclarius
1634 1464 1842 1521 ultima
1886 1462 2024 1521 Jesu
2071 1462 2193 1523 fata
2228 1487 2359 1525 cera

186 1553 378 1628 tiusque
434 1563 640 1625 canat,
700 1549 1112 1628 interpretibus
1154 1547 1508 1606 Christianis
1551 1549 1726 1627 longe
1769 1549 2059 1624 plerisque
2108 1549 2358 1626 (quibus

184 1652 332 1712 nuper
357 1640 597 1695 accessit
630 1637 1138 1695 HENGSTENBERG
1173 1632 1576 1708 Clu-istologie
1615 1633 1717 1690 des
1742 1633 1814 1690 A.
1849 1629 1922 1690 Τ.
1958 1632 2022 1691 P.
2051 1634 2096 1692 1.
2123 1655 2180 1712 p.
2215 1636 2358 1696 175.

184 1719 366 1796 seqq),
417 1720 925 1798 persuasissimum
967 1729 1071 1777 est.
1156 1717 1335 1776 Plura
1380 1719 1534 1774 enim
1579 1716 1717 1774 huic
1757 1715 1852 1774 Ps.
1901 1717 2090 1777 inesse
2130 1719 2360 1796 dicunt,

184 1823 329 1880 quae,
383 1826 556 1883 quum
595 1808 767 1883 plane
795 1808 986 1862 aliena
1013 1804 1135 1860 sint
1169 1820 1204 1859 a
1238 1800 1487 1860 Davidis
1518 1799 1799 1875 historia,
1853 1821 1984 1859 eum
2024 1802 2154 1877 his,
2207 1820 2356 1882 quae

181 1887 315 1945 lesus
355 1894 507 1948 cruci
546 1893 775 1950 adfixus
817 1906 1117 1967 perpessus
1158 1898 1330 1965 atque
1376 1889 1653 1963 loquutus
1701 1905 1824 1944 esse
1868 1898 2178 1962 narratur,
2238 1901 2357 1952 tam

183 1974 383 2033 mirifice
413 1979 800 2049 conveniant,
842 1982 928 2056 ut·
948 1993 1067 2032 non
1096 1973 1329 2030 aliunde
1357 1972 1648 2047 proficisci
1681 1973 2011 2045 potuerint,
2068 1994 2241 2051 quam
2280 1995 2358 2035 ex

184 2076 238 2113 eo
274 2062 502 2135 spiritu,
565 2063 670 2137 qui
712 2079 808 2119 res
854 2058 1082 2117 futuras
1122 2056 1492 2133 praediceret.
1575 2054 1711 2113 vid.
1744 2053 1843 2112 Vs.
1874 2060 1932 2115 2.
1980 2057 2113 2114 coll.
2149 2057 2358 2118 Matth.

185 2142 267 2215 2⁷,
293 2147 416 2217 46„
485 2144 589 2201 Va.
629 2150 688 2205 9.
734 2146 864 2202 coll.
908 2140 1114 2201 Matth.
1154 2145 1259 2214 27,
1297 2141 1435 2212 43.‚
1498 2138 1600 2198 Vs.
1638 2140 1733 2196 17.
1779 2139 1911 2196 coll.
1957 2139 2046 2198 Jo.
2078 2141 2194 2215 20,
2227 2144 2357 2218 250,

183 2224 259 2282 Vs.
291 2230 376 2286 19.
423 2231 559 2287 coll.
600 2228 808 2287 Matth.
840 2230 944 2300 27,
973 2227 1075 2285 35.
1120 2226 1210 2285 Jo.
1248 2227 1346 2296 19,
1377 2226 1478 2281 24.
1563 2225 1786 2292 Quibus
1828 2223 2056 2299 quidem
2106 2227 2253 2285 locis
2301 2241 2360 2287 et

183 2310 288 2365 aliis
321 2314 604 2370 similibus
649 2324 931 2389 quantum
971 2312 1125 2369 insit·
1153 2309 1424 2387 ponderis
1469 2306 1542 2365 ad
1577 2310 1737 2365 illam
1778 2311 2125 2367 sententiam
2169 2313 2357 2369 stabi-

182 2391 427 2470 liendam,
474 2394 802 2455 videbimus
850 2399 914 2454 in
961 2397 1087 2472 ipsa
1126 2394 1398 2453 carminis
1441 2394 1938 2469 interpretatione.
2026 2393 2199 2453 Nunc
2245 2394 2357 2453 hoc

181 2484 431 2538 monuisse
458 2481 733 2556 sufficiat,
771 2501 1073 2540 occurrere
1106 2481 1171 2538 in
1202 2477 1314 2536 hoc
1341 2477 1439 2536 ΡΒ.
1465 2497 1584 2536 non
1614 2496 1994 2553 pauea,=quae
2019 2478 2154 2537 Jesu
2187 2483 2353 2539 'nullo

180 2564 318 2622 modo
358 2568 726 2625 conveniant.
806 2566 1007 2624 Primo
1055 2568 1209 2623 enim
1257 2581 1506 2639 persona
1548 2566 1613 2621 in
1654 2561 1765 2620 hoc
1803 2562 1897 2620 Ps.
1935 2565 2175 2641 loquens
2211 2565 2358 2623 dicit

182 2663 228 2702 se
257 2651 487 2708 cinctam
514 2663 666 2709 'esse
706 2650 778 2710 ab
814 2649 1113 2723 hostibus,
1170 2648 1270 2707 sed
1309 2648 1567 2705 nondum
1609 2645 1946 2722 prehensam
1988 2659 2048 2706 et
2088 2650 2356 2730 ligatam,

179 2725 260 2787 Vs.
286 2734 371 2790 12.
404 2736 500 2792 13.
536 2738 640 2794 21.
674 2737 775 2794 22.
859 2732 1086 2799 Deinde
1119 2751 1367 2811 persona
1397 2734 1640 2808 loquens
1669 2742 1875 2810 rogat,
1916 2751 1989 2791 ne
2020 2736 2200 2791 morti
2230 2745 2354 2792 tra-

180 2812 340 2888 datur,
366 2821 460 2878 sed
493 2822 557 2877 in
584 2823 708 2879 vita
737 2829 1132 2892 conservetur,
1165 2820 1263 2876 Vs.
1288 2819 1414 2889 21.‚
1450 2817 1605 2893 quod
1636 2834 1754 2874 non
1786 2820 2063 2875 convenit
2085 2816 2357 2893 Messiae‚

179 2916 206 2953 e
232 2918 376 2960 cruce
404 2905 704 2980 pendenti,
741 2906 920 2963 morti
951 2890 1239 2980 pro‘ximo.
1323 2901 1469 2959 Item
1497 2900 1594 2958 V-s.
1622 2903 1726 2961 22.
1754 2912 1908 2973 orat,
1950 2920 2025 2960 ne
2059 2904 2124 2960 in
2147 2922 2356 2961 manus

177 2978 395 3045 hostium
426 2991 656 3063 veniat,
693 3001 753 3049 et
786 3009 984 3049 eorum
1012 2988 1329 3047 violentiae
1358 2997 1418 3043 et
1449 2986 1780 3045 crudelitati
1811 2987 2164 3045 succumbat·
2238 2985 2355 3049 Sed

181 3062 315 3126 Jesus
356 3076 540 3131 omnis
587 3077 819 3154 generis
871 3073 1244 3132 crudelitates
1297 3072 1368 3128 ab
1420 3070 1685 3128 hostibus
1727 3073 1851 3127 suis
1898 3081 1988 3128 est
2030 3091 2352 3148 perpessus.

180 3147 328 3212 Porro
358 3157 521 3232 dicit,
562 3180 626 3218 se
654 3160 775 3218 dies
805 3169 1117 3236 noctesque
1141 3156 1362 3214 frustra
1394 3158 1695 3226 clamasse,
1733 3154 1834 3212 Vs.
1862 3158 1919 3213 3.
1989 3157 2153 3224 Quae
2179 3158 2364 3216 verba‘

181 3235 460 3316 longiorem
491 3263 717 3302 moram
745 3245 1008 3302 indicant
1039 3261 1272 3318 precum
1301 3260 1335 3299 a
1366 3239 1495 3299 Deo
1526 3242 1951 3320 neglectarum,
1993 3258 2181 3317 neque
2213 3261 2354 3300 con-

181 3325 383 3382 veniunt
417 3327 587 3401 Jesu,
648 3328 721 3385 ad
761 3347 973 3404 paucas
1006 3336 1235 3385 tantum
1266 3326 1441 3384 horas
1470 3327 1534 3382 in
1574 3344 1744 3383 eruce
1774 3326 2064 3402 pendenti.
2156 3325 2356 3403 Neque

182 3406 274 3477 ejus
295 3427 593 3483 personam
624 3414 788 3472 decet
817 3413 1139 3490 desperatio
1172 3429 1393 3469 summa
1414 3451 1433 3479 ,
1471 3428 1641 3485 quam
1676 3412 1760 3484 is,
1794 3410 1907 3487 -qui
1938 3413 2003 3468 in
2035 3407 2126 3466 Pe.
2160 3406 2356 3487 loquiss

185 3497 273 3560 tur,
304 3512 431 3569 prae
460 3515 523 3553 se
551 3497 701 3569 fert,
745 3499 1087 3573 penitusque
1119 3513 1312 3553 secum
1340 3504 1534 3553 actum
1562 3495 1725 3552 dicit.
1808 3495 2170 3571 Quamquam
2199 3498 2378 3554 enim³

185 3569 403 3635 Christus
438 3599 563 3638 non
595 3586 782 3640 omnis
809 3583 1035 3639 timoris
1071 3589 1179 3637 aut
1206 3582 1524 3638 anxietatis
1561 3598 1768 3654 expers
1807 3577 2022 3653 fuerit,
2065 3589 2259 3637 tamen
2289 3581 2353 3638 in

186 3667 396 3719 extrema
421 3683 529 3722 sua
560 3668 828 3742 passione
861 3684 1134 3745 magnam
1170 3665 1351 3723 animi
1386 3664 1872 3740 tranquillitatem
1900 3665 2191 3737 ostendit,
2228 3683 2355 3721 cer-

187 3748 257 3803 tus
278 3752 715 3811 resurrectionis
747 3769 886 3808 suae
911 3761 972 3808 et
999 3751 1232 3808 futurae
1258 3751 1500 3830 gloriae.
1541 3747 1799 3806 Tandem
1833 3767 2082 3824 persona
2112 3750 2357 3825 loquens

188 3818 262 3882 Vt·
285 3829 337 3888 5.
369 3835 423 3889 6.
471 3845 756 3910 provocat
800 3834 873 3891 ad
915 3839 1344 3911 majores‘suos
1374 3831 1504 3891 Deo
1539 3832 1677 3891 fisos
1711 3843 1771 3891 et
1805 3833 2097 3891 liberatos.
2177 3827 2378 3890 Jesus‘

190 3920 336 3972 utem
377 3918 553 3997 longe
596 3921 772 3978 aliam
807 3921 1213 3978 liberationem
1244 3919 1550 3991 sperabat,
1614 3936 1788 3996 quam
1833 3918 1923 3975 illi
1963 3919 2212 3991 majores
2260 3918 2356 3974 sui

188 4008 315 4054 mut
345 4006 703 4080 consequuti.
783 4005 912 4064 Jam
956 4006 1151 4081 itaque
1195 3995 1317 4061 non
1363 4006 1535 4079 pauci
1574 4005 1860 4078 interpp.,
1917 4020 2092 4078 quum
2132 4003 2250 4060 alia
2288 4003 2355 4060 in

182 4070 271 4134 1¹⁰⁶
300 4081 383 4142 Ps.
409 4105 539 4145 cum
564 4083 711 4146 Jesu
748 4089 889 4147 fatis
920 4090 1237 4147 convenire
1253 4129 1274 4161 ,
1314 4089 1437 4146 alia
1464 4089 1537 4147 ab
1577 4090 1654 4146 iis
1693 4089 1886 4144 aliena
1914 4104 2038 4144 esse
2063 4086 2356 4160 viderent,

182 4159 243 4216 ⁸11
263 4162 396 4227 hanc
425 4173 692 4244 perducti
734 4183 873 4232 sunt
904 4175 1251 4231 sententiam
1268 4216 1288 4247 ,
1330 4191 1563 4232 carmen
1606 4172 1677 4230 de
1710 4180 1958 4245 utroque
1974 4210 1993 4242 ,
2035 4167 2266 4231 Davide
2297 4182 2358 4229 et

180 4237 308 4322 10⁸⁰,
340 4253 833 4334 interpretandum
860 4277 1019 4331 esse,
1060 4259 1147 4316 ita
1174 4268 1245 4316 ut
1273 4260 1410 4319 dum
1437 4256 1695 4317 Davides
1726 4255 1797 4312 de
1825 4273 1897 4313 se·
1918 4256 2201 4332 rebusque
2230 4257 2352 4314 suis
2449 4260 2461 4275 ‘

180 4326 471 4408 l⁰queretur
486 4381 507 4416 ,
565 4343 782 4423 spiritu
814 4341 1153 4425 prophetico
1186 4343 1362 4423 simul
1389 4341 1662 4404 Messinm
1694 4340 2103 4403 moribundum
2134 4341 2383 4421 deseri-¹·
