2807 4913
952 316 957 322 ,
1014 278 1663 373 Pro'legomena.
2347 274 2440 343 13

172 468 531 532 nonnullas
565 434 878 528 manifesto
910 463 1087 527 falsas
1112 481 1246 524 ‘esse
1261 506 1285 540 ,
1331 461 1585 526 vidimus
1623 478 1799 538 supra
1836 459 1895 535 ξ.
1920 461 1985 518 2.
2069 458 2235 528 Quae
2266 477 2446 537 quum

175 593 274 649 ita
317 590 495 660 sint,
537 605 664 644 non
703 585 906 643 dubito
952 583 1220 644 STARKII
1263 576 1552 660 (Danielis
1604 579 1970 656 aliorumque
2010 572 2175 635 Post.
2218 572 2445 635 Hebrr.

190 705 563 765 Gar-minum
606 701 781 761 Libri
815 698 884 759 V.
968 699 1070 758 Ex
1116 698 1302 759 Godd.
1343 684 1481 757 nise.
1520 707 1583 757 et
1619 694 1886 774 antiquis
1921 709 2116 756 ceree.
2157 701 2447 753 accurate

207 840 435 881 recena.
476 830 545 879 et
586 818 1035 878 commentariis
1072 816 1292 877 macir.
1333 814 1465 877 Vol.
1491 813 1542 875 1.
1572 811 1877 894 [Prolegg.
1906 809 2237 891 continens]
2272 809 2338 870 Ρ.
2370 810 2446 872 11.

202 961 250 1018 p.
287 944 454 1007 411..
485 934 642 1017 sqq.)
688 937 959 1029 accedere
999 934 1360 1007 sententiae,
1402 932 1670 990 omnibus
1709 928 1834 989 Pas.
1869 929 1941 988 ab
1971 927 2149 989 initio
2185 928 2446 987 auctoris

194 1076 419 1117 nomen
432 1097 454 1132 ,
492 1066 554 1114 et
596 1054 892 1115 interdum
932 1071 1160 1132 quoque
1202 1062 1427 1129 tempus
1442 1091 1462 1124 ,
1503 1066 1619 1127 quo
1653 1047 1775 1106 sint
1807 1046 1985 1120 dicta,
2024 1044 2447 1122 praescriptum
2559 1078 2564 1089 =

190 1176 408 1236 fuisse.
493 1174 658 1244 Quae
719 1166 911 1230 autem
967 1170 1249 1229 musicam
1300 1165 1788 1239 modulationem,
1853 1175 1914 1222 ct
1968 1163 2444 1234 instrumentum,

175 1315 321 1381 'quo
374 1289 701 1352 canendum
744 1298 872 1347 erat
913 1308 1185 1364 carmen,
1228 1288 1296 1347 in
1337 1282 1719 1359 inscriptione
1764 1287 2053 1359 tangunt,
2094 1279 2167 1336 ab
2196 1275 2272 1335 iis
2303 1295 2444 1354 pro-

197 1413 369 1470 fecta
416 1409 726 1478 videntur,
786 1406 888 1482 qui
925 1405 1067 1465 haec
1110 1403 1367 1464 carmina
1411 1400 1657 1460 diversis
1704 1391 2057 1475 temporibus
2107 1395 2290 1453 :sacri
2334 1410 2445 1470 pu-

197 1528 385 1588 blicis
432 1523 964 1584 accommodarunt.
1049 1524 1141 1584 Ita
1184 1524 1225 1580 2
1247 1520 1405 1580 Sam.
1447 1519 1584 1589 22„
1647 1516 1750 1574 ubi
1796 1513 1894 1574 Ps.
1932 1515 2028 1571 18.
2069 1512 2288 1571 relatus
2337 1518 2447 1582 est,

202 1644 385 1702 nulla
443 1637 549 1703 τοῦ
605 1650 773 1703 mmm
834 1638 898 1695 in
944 1642 1118 1697 titulo
1163 1637 1381 1698 mentio
1422 1635 1702 1693 occurrit.
1786 1628 1959 1701 Quod
2006 1629 2198 1706 ipsum
2250 1635 2447 1683 tamen

206 1776 393 1818 causa
439 1775 563 1814 esse
603 1758 835 1835 potuit,
895 1767 964 1814 ut
1009 1757 1403 1833 antiquiorum
1452 1751 1896 1829 inscriptionum
1914 1787 1935 1822 ,
1995 1763 2143 1824 quae
2186 1741 2448 1801 auctoris

208 1893 460 1948 nomen,
498 1876 886 1952 carminisque
921 1882 1326 1953 argumentum
1359 1881 1421 1929 et
1451 1880 1676 1945 tempus
1713 1869 2270 1933 commemorarunt,
2311 1858 2446 1936 plu-

221 2010 318 2051 res
360 1995 447 2050 vel
492 1992 905 2051 mutilarentur
920 2032 941 2065 ,
996 1993 1093 2048 vel
1132 2006 1371 2066 prorsus
1420 1988 1747 2046 interirent.
1832 1980 2003 2042 Hanc
2041 1982 2311 2038 lacunam
2351 1994 2448 2034 re·-

214 2107 432 2167 sarcire
476 2108 769 2183 cupientes
787 2147 807 2180 ,
877 2110 980 2184 qui
1021 2106 1267 2167 diversis
1308 2104 1667 2181 temporibus
1710 2099 1853 2157 haec
1900 2096 2157 2155 carmina
2195 2096 2449 2173 college-

209 2234 395 2298 runt,
453 2233 589 2282 utut
630 2241 831 2281 eorum
873 2196 1100 2281 ferebat
1146 2224 1347 2300 opinio
1364 2265 1384 2298 ,
1443 2219 1855 2296 inscriptiones
1887 2211 2269 2282 addiderunt,
2326 2225 2449 2266 non

212 2362 437 2421 semper
463 2342 664 2400 habita
697 2342 928 2398 ratione
958 2341 1244 2400 librorum
1272 2306 1410 2400 mss.
1452 2347 1513 2396 et
1556 2335 1877 2402 carminum
1921 2331 2180 2406 ipsorum
2199 2303 2447 2391 ''indole;

212 2480 327 2519 nec
366 2477 584 2537 paucae
631 2458 1202 2531 commentatoribus,
1243 2458 1526 2531 librariis,
1569 2449 1711 2532 quid
1745 2448 1901 2529 quod
1944 2446 2089 2524 ipsis
2133 2441 2448 2502 lectoribus

213 2576 559 2636 tribuendae
616 2575 928 2651 videntur,
992 2594 1241 2654 quorum
1300 2574 1548 2654 arbitrio
1608 2551 1678 2628 ea
1729 2585 1900 2645 saepe
1956 2561 2157 2622 addita
2210 2567 2301 2618 est
2351 2558 2450 2615 in-

211 2695 501 2771 scriptio,
565 2713 711 2772 quae
757 2694 902 2770 ipsis
954 2691 1422 2752 commodissima
1467 2708 1590 2747 esse
1631 2687 1952 2746 videretur.
2028 2678 2293 2738 Probant
2335 2673 2451 2738 hoo

213 2811 465 2883 Graeci,
509 2810 780 2889 Syriaci,
821 2812 1088 2885 Arabici,
1127 2810 1330 2870 Latini
1364 2807 1580 2880 codd„
1642 2822 1750 2861 nec
1779 2800 1845 2877 hi
1888 2789 2168 2869 tantum,
2197 2792 2299 2852 ⁸0³
2337 2793 2450 2871 Φῆ

213 2946 444 3007 quoque
490 2931 786 2989 interdum
814 2929 1108 2988 Hebraici.
1191 2929 1537 3004 Exemplum
1576 2923 1934 2981 luculentum
1971 2911 2248 2976 starkius
2281 2910 2451 2971 affert

213 3046 487 3108 Codicem
511 3049 613 3107 32.
648 3048 1056 3121 sorbonicum,
1099 3047 1165 3104 in
1195 3064 1310 3124 quo
1344 3041 1639 3101 interdum
1663 3039 1739 3097 ad
1769 3037 2113 3117 marginem,
2150 3051 2187 3090 a
2215 3041 2450 3109 postera

212 3167 355 3225 licet
406 3151 582 3223 manu
598 3207 619 3240 ,
692 3176 1098 3247 argumentum
1146 3171 1416 3220 notatum
1467 3169 1558 3218 est
1574 3202 1595 3235 ,
1670 3178 1703 3218 e
1727 3209 1730 3216 ,,
1759 3156 2161 3216 Rabbinorum
2209 3150 2448 3208 scholiis

212 3284 478 3361 petitum.
562 3283 665 3343 Sic
701 3284 774 3342 ad
809 3284 903 3342 Ps.
939 3285 1037 3342 11.
1081 3290 1351 3340 notatum
1390 3288 1526 3338 est:
1573 3286 1670 3337 27:
1718 3282 1870 3334 *δί-τῦ
1922 3266 2005 3336 ²2³?
2056 3270 2126 3329 de
2165 3267 2448 3358 sacerdo-ff

216 3400 380 3460 tibus
423 3377 572 3477 Nob,
615 3400 686 3460 de
716 3404 924 3481 quibus
953 3373 1053 3460 st
1086 3402 1148 3462 2.
1181 3398 1360 3458 verba
1402 3393 1487 3461 ΞΒ
1535 3406 1693 3458 'um'
1729 3393 1796 3450 in
1838 3392 2032 3472 glossa
2067 3390 2449 3465 explicantur·

213 3522 358 3582 Item
403 3522 479 3578 ad
524 3520 621 3578 Ps.
661 3522 762 3577 14.
805 3529 1075 3578 notatum>
1113 3523 1231 3576 est:
1278 3522 1584 3579 “asta-1:72:
1631 3510 1701 3571 de
1743 3506 2257 3567 Nebucadnezare.
2338 3502 2450 3561 Est

214 3660 414 3718 nempe
447 3642 514 3697 in
545 3637 768 3724 scholio
800 3636 904 3700 Vs.
944 3640 1032 3696 1.:
1088 3645 1300 3700 ''t'nz’w
1344 3640 1651 3696 ἾὩἿΞἾΞ)
1696 3636 1882 3689 &num
1924 3634 2032 3686 *¹177
2077 3622 2447 3681 vaticinatus

213 3765 307 3815 est
352 3744 577 3817 ‘David
625 3753 697 3814 de
756 3751 1294 3826 Nebucadnezare,
1373 3751 1479 3828 qui
1518 3749 1787 3824 futurus
1841 3750 1999 3804 erat.
2080 3733 2193 3805 Ps.
2233 3740 2334 3795 17.
2380 3738 2447 3798 in

215 3877 481 3957 margine
523 3875 775 3955 legitur:
839 3881 1063 3935 &mm-1:
1101 3857 1182 3937 '329
1227 3870 1298 3928 de
1337 3859 1684 3938 Bathseba,
1726 3883 1800 3921 ex
1829 3859 2227 3921 Rabbinorum
2260 3857 2446 3914 inter-

216 3992 545 4069 pretatione
573 3990 672 4056 Vs.
705 3989 765 4049 3.
848 3990 1152 4065 Ejusmodi
1195 3998 1387 4046 autem
1424 3987 1702 4066 figmenta
1743 3998 1915 4058 quam
1956 3976 2127 4036 facile
2156 3976 2225 4049 ‚in
2253 3965 2445 4052 ipsum

220 4118 439 4168 textum
477 4112 739 4184 irrepere
780 4110 1112 4188 potuerint,
1153 4105 1498 4183 praesertim
1538 4101 1641 4159 ubi
1679 4117 1818 4157 vera
1856 4094 2165 4169 inscriptio
2203 4092 2443 4164 excidit,

225 4244 337 4308 non
378 4219 611 4286 necesse
654 4240 744 4288 est
789 4229 1200 4286 demonstrare.
1284 4220 1440 4279 Hinc
1478 4239 1613 4279 vero
1655 4217 1828 4274 simul
1874 4197 2261 4288 intelligitur,
2338 4209 2441 4285 qui
2507 4185 2528 4240 ’χ

222 4343 429 4406 factum
470 4349 609 4423 sit„
644 4357 716 4408 ut
756 4347 1072 4406 nonnullae
1110 4333 1323 4401 harum
1366 4338 1819 4416 inscriptionum
1862 4351 1992 4393 cum
2029 4328 2304 4389 carminis
2345 4343 2439 4383 ar-
