2807 4913
282 225 319 261 ’ἡ
393 266 541 354 140
1205 224 1495 359 Penas,
1548 272 1801 364 3-7,

386 465 625 535 propter
680 435 1041 517 vicinitatem
1101 467 1372 519 accentus
1431 463 1557 537 ejus
1577 499 1597 531 ,
1657 457 1771 535 qui
1834 458 2099 536 proxime
2164 454 2447 533 sequitur.
2525 482 2614 500 --

389 544 450 602 3.
505 537 571 607 'lb
614 569 703 585 -
739 554 923 633 ΠῙΝΠ
964 540 1348 601 Desiderium
1386 543 1593 603 cordis
1636 546 1733 604 sui
1780 544 1839 601 ei
1880 541 2118 600 dedisti.
2202 537 2614 616 Desiderium,

374 646 493 704 per
532 635 746 684 meton.
783 609 886 684 res
929 619 1329 700 desiderata,
1368 637 1438 688 ut
1479 628 1836 687 desiderium
1884 626 2182 685 oculorum
2222 622 2359 705 (ΕΖ.
2396 626 2518 698 24,
2552 626 2615 683 6.

389 710 587 796 Hagg.
615 712 678 784 2,
705 705 832 788 8.),
869 712 1024 789 quod
1052 715 1207 771 oculi
1233 713 1481 772 libenter
1503 715 1722 772 vident.
1805 707 1917 775 ἰιι
1958 711 2191 801 ΠιύἾΝ]
2222 710 2308 767 Et
2346 710 2617 788 petitio-

312 797 321 806 “
390 815 519 853 nem
563 795 847 858 labiorum
870 814 1122 855 suorum
1158 816 1274 856 non
1317 798 1639 871 avertisti,
1696 797 1848 855 nihil
1890 778 2157 873 unqua'm
2185 795 2451 872 precihus
2488 795 2612 867 ejus

390 881 638 959 negasti.
716 877 953 938 Potitio
984 880 1306 954 labiorum,
1346 885 1607 957 precatio
1638 900 1738 941 ore
1770 884 2031 969 prolata,
2072 879 2368 937 desiderio
2411 879 2614 935 animo

391 971 718 1043 concepto,
777 965 933 1040 quod
972 969 1318 1042 praecessit,
1376 971 1644 1044 opposita
1694 977 1799 1025 est.
1890 962 2027 1025 Voc.
2073 964 2305 1056 παῤ-ιιι,
2351 962 2622 1044 petitio,

194 1051 209 1060 ⁸
302 1065 305 1068 “
392 1045 634 1132 δέησις,
672 1047 785 1109 hoc
818 1050 1222 1110 tantummodo
1263 1054 1397 1110 loco
1440 1053 1720 1111 occurrit.

560 1179 624 1239 4.
660 1175 720 1236 5.
802 1178 924 1240 δῆιι
959 1210 1033 1223 -
1071 1189 1145 1241 ¹:
1189 1175 1342 1237 Nam
1371 1178 1759 1258 praevenisti
1794 1197 1922 1236 eum
1963 1174 2465 1236 benedictionibus
2511 1172 2616 1232 bo-

392 1261 639 1337 altatis,
684 1264 920 1337 optimis
946 1263 1114 1322 illum
1147 1264 1439 1324 benefieiis
1467 1267 1731 1345 gratuito
1760 1265 2091 1337 cumulasti,
2126 1265 2266 1336 imo,
2300 1271 2614 1338 antequam

390 1355 647 1424 peteret,
693 1350 1021 1424 praevenist-
998 1350 1064 1407 ti.
1149 1348 1254 1405 Vb.
1300 1359 1435 1433 {3⁸22
1476 1367 1645 1425 saepe
1689 1349 1921 1428 quidem
1967 1348 2105 1405 bene
2133 1347 2393 1427 precari
2431 1346 2615 1417 valet,

391 1432 494 1490 sed
526 1451 632 1509 pro
677 1433 804 1508 ipsa
841 1434 1017 1490 etiam
1052 1431 1475 1508 beneficentia,
1519 1443 1638 1491 tam
1665 1432 2000 1505 hominum,
2044 1452 2214 1511 quam
2243 1430 2391 1505 Dei,
2433 1430 2615 1488 simul

390 1526 728 1592 usurpatur.
809 1518 940 1587 Quo
978 1535 1152 1578 sensu
1195 1525 1353 1617 *rm
1372 1519 1631 1577 occurrit
1669 1519 1815 1577 Gen
1849 1519 1948 1593 12,
1983 1519 2044 1577 2.
2094 1528 2154 1575 ει
2189 1516 2384 1575 Subst.
2420 1525 2611 1600 07:523

393 1601 559 1664 Gen.
574 1602 678 1671 33,
712 1603 810 1659 ll.
876 1609 1027 1687 1:712
1054 1604 1441 1681 praevenire,
1482 1612 1585 1661 aut
1617 1610 2030 1676 antevertere,
2071 1613 2384 1678 usurpatur
2418 1611 2477 1657 et
2494 1580 2612 1657 u2Ps

397 1683 667 1761 18,19.,
706 1686 805 1743 sed
834 1686 902 1744 de
932 1688 1137 1758 malis,
1177 1704 1321 1761 quae
1353 1685 1640 1746 Davidem
1683 1697 2134 1764 praevenerant,
2172 1686 2232 1746 h.
2265 1707 2313 1744 e.
2345 1686 2516 1762 quasi
2545 1685 2615 1740 in

390 1772 584 1847 ipsum
622 1773 1006 1828 incurrerant.
1090 1768 1224 1829 Hoc
1255 1772 1383 1830 loco
1423 1773 1822 1852 significatur,
1864 1791 2205 1850 quocunque
2233 1789 2341 1828 rex
2374 1789 2436 1828 se
2472 1787 2614 1827 ver-

393 1856 582 1926 tisset,
622 1853 739 1913 Dei
763 1843 1026 1913 bonitate
1054 1855 1293 1928 factum,
1337 1865 1405 1913 ut
1433 1858 1688 1933 undique
1713 1858 1811 1914 illi
1838 1858 1992 1915 bona
2019 1859 2341 1929 obviarent,
2371 1870 2613 1930 seseque

382 1941 551 2008 ultro
599 1938 891 1998 offerrent.
972 1938 1241 1999 Ceterum
1289 1939 1431 2000 haec
1472 1943 1647 2000 verba
1699 1942 1769 1999 de
1811 1961 1996 2021 regno
2041 1935 2285 2000 Messiae
2331 1956 2613 1996 concesso

388 2023 771 2117 intelligenda
816 2022 1121 2098 videntur,
1185 2025 1340 2102 quod
1381 2029 1559 2084 etiam
1605 2027 1808 2083 suadet
1857 2025 2283 2084 hemistichium
2329 2026 2616 2082 alterum·

408 2118 496 2168 727
539 2107 719 2169 witin
763 2110 1104 2187 imposuisti
1142 2111 1349 2189 capiti
1379 2129 1512 2183 ejus
1554 2104 1832 2168 coronam
1871 2129 2227 2187 gemmarum
2256 2103 2352 2188 (de
2385 2122 2452 2172 τε
2488 2106 2613 2164 vid.

390 2210 569 2269 supra
602 2175 702 2268 19,
699 2177 849 2272 3.),
908 2212 1107 2274 regem
1142 2213 1273 2252 eum
1311 2195 1540 2270 fecisti,
1592 2204 1651 2253 et
1695 2207 1867 2271 caput
1906 2198 2026 2268 ejus
2067 2197 2233 2275 regio
2280 2176 2612 2251 diademate

391 2277 652 2337 cinxisti.
742 2278 979 2337 Corona
1022 2299 1124 2357 per
1158 2290 1372 2338 meton.
1402 2282 1579 2360 regni
1622 2281 1793 2339 decus
1825 2290 1884 2338 et
1910 2283 2265 2353 majestatem
2289 2279 2611 2357 significat.

390 2392 480 2406 —-
538 2360 599 2421 5.
661 2362 858 2422 Vitam
900 2362 1005 2421 abs
1047 2373 1107 2421 te
1139 2366 1368 2444 petiit,
1426 2365 1651 2424 dedisti
1691 2366 1750 2423 ei
1787 2365 2211 2444 longitudinem
2253 2362 2483 2421 dierum
2524 2358 2614 2418 ad

393 2447 645 2508 seculum
689 2458 752 2506 et
780 2449 1296 2528 perpetuitatem,
1344 2450 1499 2526 quod
1531 2454 1737 2525 petiit,
1779 2461 1838 2508 et
1874 2452 2000 2527 plus
2030 2451 2236 2522 etiam,
2275 2451 2330 2506 ei
2366 2465 2613 2506 eonces-

340 2602 343 2605 Ἴ
392 2535 546 2591 sisti.
633 2529 711 2595 ΒΕ
719 2535 786 2593 'w
828 2535 1052 2607 solum,
1112 2537 1225 2592 etsi
1270 2535 1448 2593 haud
1465 2555 1604 2593 raro
1641 2537 1876 2613 longum
1919 2546 2182 2614 tempus,
2238 2533 2610 2591 durationem

385 2619 558 2693 juxta
600 2602 910 2692 subjectam
960 2621 1259 2676 materiam
1305 2621 1638 2698 significare
1684 2630 1909 2678 constet
1964 2618 2116 2700 (Ex.
2157 2621 2285 2690 21,
2308 2620 2365 2675 6.
2422 2616 2609 2674 Dent.

399 2702 631 2775 15,17.
682 2719 893 2760 servus
936 2703 1355 2784 perpetuus),
1430 2716 1623 2764 tamen
1663 2708 1927 2780 junctum
1970 2706 2199 2763 nomini
2244 2716 2325 2781 ‘¹1³2
2378 2720 2609 2776 semper

396 2805 567 2864 quam
598 2789 829 2865 proprie
862 2787 1140 2861 dicimus,
1182 2791 1600 2847 aeternitatem
1636 2793 1888 2850 denotat.
1972 2790 2064 2849 Ita
2095 2792 2321 2865 saepius
2355 2788 2424 2846 de
2452 2785 2607 2844 Jova

394 2881 692 2929 aeternum
737 2882 1050 2951 regnante,
1104 2883 1172 2931 ut
1215 2873 1326 2932 Ex.
1366 2870 1478 2948 15,
1519 2877 1614 2934 18.
1667 2876 1895 2947 Ps.10,
1930 2877 2022 2961 16.
2070 2873 2177 2947 45,
2211 2877 2269 2932 6.
2331 2870 2467 2941 145,
2499 2871 2608 2931 21.

392 2955 547 3014 Dan.
582 2957 679 3028 12,
712 2955 772 3014 3.
852 2954 1071 3015 Davidi
1103 2976 1243 3015 vero
1286 2977 1408 3017 non
1447 2972 1766 3035 competere
1799 2950 2192 3019 aeternitatis
2231 2952 2608 3028 menti'onem,

393 3043 498 3099 vix
540 3050 630 3097 est
667 3040 822 3119 quod
861 3048 1214 3100 moneamus.
1297 3042 1660 3102 Masorethae
1692 3044 1847 3105 infra
1872 3065 1998 3102 voc.
2027 3040 2093 3105 ι’»
2123 3052 2418 3101 accentum
2446 3037 2606 3099 Atla-

394 3123 548 3183 nacla
581 3135 919 3201 posuerunt,
952 3137 1018 3184 ut
1045 3129 1465 3208 significarent,
1493 3141 1718 3206 poetam
1748 3131 1862 3187 duo
1892 3131 2146 3187 voluisse
2173 3130 2379 3198 dicere,
2407 3126 2606 3183 datam

352 3210 359 3215 ’
397 3220 456 3267 ει
484 3211 686 3283 vitam,
726 3229 899 3286 quam
927 3214 1126 3287 petiit,
1171 3223 1232 3270 et
1259 3216 1434 3271 simul
1463 3216 1643 3272 vitam
1670 3204 2044 3294 longaevam.
2085 3231 2271 3289 neque
2299 3213 2453 3268 enim
2482 3208 2608 3267 He-

395 3295 585 3357 braeis
614 3294 876 3353 insolens
906 3306 1014 3370 est,
1053 3308 1121 3356 ut
1146 3317 1324 3356 unum
1351 3298 1591 3358 verbum
1624 3298 1842 3357 duabus
1867 3300 2168 3375 particulis
2197 3296 2559 3373 respondeat.

569 3422 784 3482 6—8.
838 3423 1162 3511 ἾῃξἾιύἾ-*ι
1215 3426 1416 3486 ἢπῆἱιε
1456 3419 1591 3489 ΕἿἩ
1644 3422 1868 3504 Magna
1911 3434 2007 3484 est
2057 3425 2258 3502 gloria
2303 3421 2434 3495 ejus
2484 3440 2605 3501 per

398 3505 650 3563 salutem
685 3514 896 3605 tuam,
908 3527 1011 3582 per
1039 3518 1115 3582 te,
1155 3520 1256 3567 tua
1286 3529 1389 3585 ope
1417 3495 1663 3569 salutari
1702 3508 1851 3590 (vid.
1879 3511 1975 3569 Vs.
2009 3506 2132 3586 2.),
2166 3526 2379 3590 magna
2413 3510 2609 3588 gloria

394 3595 450 3648 ei
481 3591 691 3648 collata
718 3604 823 3651 est.
877 3578 986 3653 ‘¹³:27
1017 3597 1137 3655 “nrt
1161 3595 1416 3674 gloriam
1444 3604 1505 3651 et
1538 3594 1801 3654 decorem
1828 3597 1883 3653 ei
1908 3596 2273 3673 imposuisti,
2303 3594 2608 3650 contulisti

395 3678 459 3733 in
490 3694 620 3731 eum
652 3677 974 3750 uberrime,
1017 3690 1077 3736 et
1107 3681 1272 3756 quasi
1302 3698 1477 3736 onere
1512 3682 1781 3758 imposito
1816 3682 2139 3737 cumulasti.
2189 3710 2264 3724 —-
2327 3678 2383 3733 7.
2431 3678 2478 3735 V
2483 3687 2634 3756 ates·

395 3759 682 3818 infinitam
716 3760 962 3820 Messiae
993 3763 1335 3821 felicitatem
1366 3766 1549 3821 veluti
1583 3767 1908 3823 summatim
1949 3762 2409 3839 comprehendit,
2467 3763 2608 3821 dum

394 3864 518 3904 non
548 3846 674 3902 sine
714 3844 924 3904 affectu
957 3848 1223 3921 subjicit.
1281 3844 1407 3933 Ἶξέι
1446 3851 1658 3910 niz-³:
1703 3847 2110 3938 annuum-³2·
2151 3848 2304 3907 Nam
2333 3847 2613 3926 posuisti

392 3948 523 3987 eum
551 3928 964 4004 beneficentias
989 3940 1342 4011 perpetuas,
1381 3952 1435 4011 q.
1462 3930 1516 3989 d.
1545 3918 1728 4009 qui'd
1710 3952 2015 3991 innumera
2049 3951 2353 3993 numerare
2385 3929 2608 3991 conor‘}

395 4023 464 4071 ut
491 4016 556 4071 in
586 4033 808 4073 summa
834 4016 1053 4091 dicam,
1095 4016 1368 4089 effecisti,
1410 4026 1494 4073 ut
1523 4035 1643 4074 non
1674 4020 1794 4091 jam
1834 4018 2126 4078 beneficiis
2160 4021 2279 4077 tuis
2313 4029 2519 4076 auctus
2545 4028 2626 4085 etv

397 4107 673 4173 ornatus,
717 4100 863 4158 sed
845 4121 970 4178 ipsa
1001 4111 1103 4158 tua
1132 4098 1507 4160 beneficentia
1533 4111 1691 4159 recte
1721 4103 1967 4173 dicatur,
2008 4104 2152 4162 adeo
2186 4106 2249 4161 iu
2282 4122 2412 4160 ειιιιι
2444 4104 2609 4161 illam

390 4183 640 4260 ¹largiter
682 4182 958 4245 effudisti.
1033 4185 1130 4244 De
1175 4194 1359 4278 57:⁸22
1401 4184 1520 4244 vid.
1569 4183 1665 4244 Vs.
1705 4190 1765 4244 4.
1848 4183 1967 4273 ‘79³2
1997 4188 2431 4267 sempiternam
2481 4206 2611 4245 esse

396 4266 522 4340 ejus
552 4264 907 4341 felicitatem,
948 4255 1268 4346 exprimit,
1289 4252 1416 4329 sine
1455 4272 1724 4329 termino.
1803 4258 1913 4333 ‘7:⁴7
1955 4282 2175 4366 7273?er
2220 4271 2613 4331 Exhilarasti

397 4369 530 4413 eum
570 4352 816 4410 laetitia
853 4374 1054 4414 coram
1085 4353 1270 4429 facie
1317 4364 1458 4430 tua,
1513 4357 1767 4445 benigna
1810 4366 1870 4416 ει
1901 4339 2175 4429 blanda,
2209 4360 2245 4414 i.
2285 4377 2338 4416 e.
2383 4359 2612 4417 laetitia
