<?xml version="1.0" encoding="UTF-8"?>
<!DOCTYPE html PUBLIC "-//W3C//DTD XHTML 1.0 Transitional//EN"
    "http://www.w3.org/TR/xhtml1/DTD/xhtml1-transitional.dtd">
<html xmlns="http://www.w3.org/1999/xhtml" xml:lang="en" lang="en">
 <head>
  <title>
</title>
<meta http-equiv="Content-Type" content="text/html;charset=utf-8" />
  <meta name='ocr-system' content='tesseract 3.04.00' />
  <meta name='ocr-capabilities' content='ocr_page ocr_carea ocr_par ocr_line ocrx_word'/>
</head>
<body>
  <div class='ocr_page' id='page_1' title='image "./scholiainpsalmo00rosegoog_0020.png"; bbox 0 0 2807 4913; ppageno 0'>
   <div class='ocr_carea' id='block_1_1' title="bbox 1467 188 1474 221">
    <p class='ocr_par' dir='ltr' id='par_1_1' title="bbox 1467 188 1474 221">
     <span class='ocr_line' id='line_1_1' title="bbox 1467 188 1474 221; baseline 0 0"><span class='ocrx_word' id='word_1_1' title='bbox 1467 188 1474 221; x_wconf 79' lang='lat' dir='ltr'><strong>l</strong></span> 
     </span>
    </p>
   </div>
   <div class='ocr_carea' id='block_1_2' title="bbox 348 276 1784 383">
    <p class='ocr_par' dir='ltr' id='par_1_2' title="bbox 348 276 1784 383">
     <span class='ocr_line' id='line_1_2' title="bbox 348 276 1784 383; baseline -0.008 -19"><span class='ocrx_word' id='word_1_2' title='bbox 348 293 446 364; x_wconf 82' lang='lat'><strong>12</strong></span> <span class='ocrx_word' id='word_1_3' title='bbox 822 368 829 383; x_wconf 20' lang='grc' dir='ltr'><strong>Ν</strong></span> <span class='ocrx_word' id='word_1_4' title='bbox 1015 376 1018 380; x_wconf 10' lang='grc' dir='ltr'><strong>Δ</strong></span> <span class='ocrx_word' id='word_1_5' title='bbox 1142 276 1784 380; x_wconf 73' lang='lat' dir='ltr'><strong>Prolegbmena.</strong></span> 
     </span>
    </p>
   </div>
   <div class='ocr_carea' id='block_1_3' title="bbox 298 456 2636 1723">
    <p class='ocr_par' dir='ltr' id='par_1_3' title="bbox 298 456 2636 1723">
     <span class='ocr_line' id='line_1_3' title="bbox 344 456 2569 549; baseline -0.001 -13"><span class='ocrx_word' id='word_1_6' title='bbox 344 477 530 543; x_wconf 85' lang='lat' dir='ltr'><strong>Mosis</strong></span> <span class='ocrx_word' id='word_1_7' title='bbox 558 472 736 536; x_wconf 87' lang='lat' dir='ltr'><strong>Deut.</strong></span> <span class='ocrx_word' id='word_1_8' title='bbox 766 473 871 547; x_wconf 83' lang='lat'><strong>31,</strong></span> <span class='ocrx_word' id='word_1_9' title='bbox 906 472 1010 532; x_wconf 84' lang='lat'><strong>30.</strong></span> <span class='ocrx_word' id='word_1_10' title='bbox 1047 456 1154 546; x_wconf 67' lang='lat'><strong>323</strong></span> <span class='ocrx_word' id='word_1_11' title='bbox 1189 476 1243 532; x_wconf 90' lang='lat' dir='ltr'><strong>l.</strong></span> <span class='ocrx_word' id='word_1_12' title='bbox 1292 473 1397 549; x_wconf 82' lang='lat'><strong>33,</strong></span> <span class='ocrx_word' id='word_1_13' title='bbox 1432 477 1511 549; x_wconf 90' lang='lat' dir='ltr'><strong>l.,</strong></span> <span class='ocrx_word' id='word_1_14' title='bbox 1553 476 1619 532; x_wconf 90' lang='lat' dir='ltr'><strong>in</strong></span> <span class='ocrx_word' id='word_1_15' title='bbox 1648 475 1903 533; x_wconf 88' lang='lat' dir='ltr'><strong>carmine</strong></span> <span class='ocrx_word' id='word_1_16' title='bbox 1930 468 2215 546; x_wconf 67' lang='lat' dir='ltr'><strong>Dabam,</strong></span> <span class='ocrx_word' id='word_1_17' title='bbox 2253 469 2383 533; x_wconf 63' lang='lat' dir='ltr'><strong>suff.</strong></span> <span class='ocrx_word' id='word_1_18' title='bbox 2416 473 2476 547; x_wconf 81' lang='lat'><strong>5,</strong></span> <span class='ocrx_word' id='word_1_19' title='bbox 2510 477 2569 534; x_wconf 86' lang='lat'><strong>1.</strong></span> 
     </span>
     <span class='ocr_line' id='line_1_4' title="bbox 345 586 2571 674; baseline -0.002 -20"><span class='ocrx_word' id='word_1_20' title='bbox 345 599 534 674; x_wconf 80' lang='lat' dir='ltr'><strong>Atque</strong></span> <span class='ocrx_word' id='word_1_21' title='bbox 582 589 946 673; x_wconf 85' lang='lat' dir='ltr'><strong>quorundam</strong></span> <span class='ocrx_word' id='word_1_22' title='bbox 986 586 1347 649; x_wconf 87' lang='lat' dir='ltr'><strong>Psalmorum</strong></span> <span class='ocrx_word' id='word_1_23' title='bbox 1397 593 1606 649; x_wconf 76' lang='lat' dir='ltr'><strong>titulos</strong></span> <span class='ocrx_word' id='word_1_24' title='bbox 1652 593 1937 671; x_wconf 82' lang='lat' dir='ltr'><strong>genuinos</strong></span> <span class='ocrx_word' id='word_1_25' title='bbox 1981 609 2104 650; x_wconf 87' lang='lat' dir='ltr'><strong>esse</strong></span> <span class='ocrx_word' id='word_1_26' title='bbox 2161 593 2268 650; x_wconf 81' lang='lat' dir='ltr'><strong>vix</strong></span> <span class='ocrx_word' id='word_1_27' title='bbox 2310 592 2571 650; x_wconf 85' lang='lat' dir='ltr'><strong>dubitari</strong></span> 
     </span>
     <span class='ocr_line' id='line_1_5' title="bbox 347 707 2571 792; baseline -0.003 -21"><span class='ocrx_word' id='word_1_28' title='bbox 347 721 558 792; x_wconf 86' lang='lat' dir='ltr'><strong>potest.</strong></span> <span class='ocrx_word' id='word_1_29' title='bbox 638 707 858 768; x_wconf 87' lang='lat' dir='ltr'><strong>Eadem</strong></span> <span class='ocrx_word' id='word_1_30' title='bbox 891 709 1237 787; x_wconf 80' lang='lat' dir='ltr'><strong>inscriptio,</strong></span> <span class='ocrx_word' id='word_1_31' title='bbox 1284 719 1432 786; x_wconf 86' lang='lat' dir='ltr'><strong>qu&#39;ae</strong></span> <span class='ocrx_word' id='word_1_32' title='bbox 1463 707 1563 767; x_wconf 86' lang='lat' dir='ltr'><strong>Ps.</strong></span> <span class='ocrx_word' id='word_1_33' title='bbox 1595 708 1690 765; x_wconf 81' lang='lat'><strong>18.</strong></span> <span class='ocrx_word' id='word_1_34' title='bbox 1722 707 2130 784; x_wconf 69' lang='lat' dir='ltr'><strong>praefixa&#39;est,</strong></span> <span class='ocrx_word' id='word_1_35' title='bbox 2173 709 2393 788; x_wconf 83' lang='lat' dir='ltr'><strong>legitur</strong></span> <span class='ocrx_word' id='word_1_36' title='bbox 2423 726 2571 785; x_wconf 89' lang='lat' dir='ltr'><strong>quo-</strong></span> 
     </span>
     <span class='ocr_line' id='line_1_6' title="bbox 348 822 2575 907; baseline -0.003 -20"><span class='ocrx_word' id='word_1_37' title='bbox 348 849 458 907; x_wconf 91' lang='lat' dir='ltr'><strong>que</strong></span> <span class='ocrx_word' id='word_1_38' title='bbox 510 828 554 884; x_wconf 87' lang='lat'><strong>2</strong></span> <span class='ocrx_word' id='word_1_39' title='bbox 587 825 748 886; x_wconf 84' lang='lat' dir='ltr'><strong>Sam.</strong></span> <span class='ocrx_word' id='word_1_40' title='bbox 793 826 917 899; x_wconf 84' lang='lat'><strong>22,</strong></span> <span class='ocrx_word' id='word_1_41' title='bbox 959 826 1020 882; x_wconf 86' lang='lat'><strong>2.</strong></span> <span class='ocrx_word' id='word_1_42' title='bbox 1103 825 1398 894; x_wconf 77' lang='lat' dir='ltr'><strong>Quaedam</strong></span> <span class='ocrx_word' id='word_1_43' title='bbox 1454 825 1633 882; x_wconf 88' lang='lat' dir='ltr'><strong>etiam</strong></span> <span class='ocrx_word' id='word_1_44' title='bbox 1667 822 1893 883; x_wconf 85' lang='lat' dir='ltr'><strong>horum·</strong></span> <span class='ocrx_word' id='word_1_45' title='bbox 1924 826 2247 886; x_wconf 84' lang='lat' dir='ltr'><strong>carminum</strong></span> <span class='ocrx_word' id='word_1_46' title='bbox 2295 827 2396 883; x_wconf 47' lang='lat' dir='ltr'><strong>ita‘</strong></span> <span class='ocrx_word' id='word_1_47' title='bbox 2430 833 2575 882; x_wconf 82' lang='lat' dir='ltr'><strong>sunt</strong></span> 
     </span>
     <span class='ocr_line' id='line_1_7' title="bbox 348 942 2574 1022; baseline -0.001 -19"><span class='ocrx_word' id='word_1_48' title='bbox 348 952 714 1022; x_wconf 86' lang='lat' dir='ltr'><strong>comparata,</strong></span> <span class='ocrx_word' id='word_1_49' title='bbox 773 953 844 1001; x_wconf 87' lang='lat' dir='ltr'><strong>ut</strong></span> <span class='ocrx_word' id='word_1_50' title='bbox 885 961 955 1001; x_wconf 92' lang='lat' dir='ltr'><strong>ea</strong></span> <span class='ocrx_word' id='word_1_51' title='bbox 1002 945 1130 1021; x_wconf 92' lang='lat' dir='ltr'><strong>ipso</strong></span> <span class='ocrx_word' id='word_1_52' title='bbox 1170 944 1276 1000; x_wconf 89' lang='lat' dir='ltr'><strong>illo</strong></span> <span class='ocrx_word' id='word_1_53' title='bbox 1316 951 1609 1018; x_wconf 88' lang='lat' dir='ltr'><strong>tempore,</strong></span> <span class='ocrx_word' id='word_1_54' title='bbox 1673 942 1835 1015; x_wconf 82' lang='lat' dir='ltr'><strong>cujus</strong></span> <span class='ocrx_word' id='word_1_55' title='bbox 1867 943 2174 1020; x_wconf 77' lang='lat' dir='ltr'><strong>inscriptio</strong></span> <span class='ocrx_word' id='word_1_56' title='bbox 2215 943 2574 1000; x_wconf 85' lang='lat' dir='ltr'><strong>mentionem</strong></span> 
     </span>
     <span class='ocr_line' id='line_1_8' title="bbox 344 1059 2573 1140; baseline -0.002 -20"><span class='ocrx_word' id='word_1_57' title='bbox 344 1062 505 1136; x_wconf 86' lang='lat' dir='ltr'><strong>facit,</strong></span> <span class='ocrx_word' id='word_1_58' title='bbox 549 1060 871 1137; x_wconf 89' lang='lat' dir='ltr'><strong>composita</strong></span> <span class='ocrx_word' id='word_1_59' title='bbox 906 1079 1052 1133; x_wconf 89' lang='lat' dir='ltr'><strong>esse,</strong></span> <span class='ocrx_word' id='word_1_60' title='bbox 1094 1078 1169 1118; x_wconf 85' lang='lat' dir='ltr'><strong>ex</strong></span> <span class='ocrx_word' id='word_1_61' title='bbox 1202 1059 1328 1137; x_wconf 89' lang='lat' dir='ltr'><strong>ipso</strong></span> <span class='ocrx_word' id='word_1_62' title='bbox 1367 1061 1643 1118; x_wconf 78' lang='lat' dir='ltr'><strong>carminis</strong></span> <span class='ocrx_word' id='word_1_63' title='bbox 1667 1068 2024 1140; x_wconf 78' lang='lat' dir='ltr'><strong>&#39;argumento</strong></span> <span class='ocrx_word' id='word_1_64' title='bbox 2066 1059 2573 1138; x_wconf 20' lang='lat' dir='ltr'><strong>pateats&#39;etiamsi</strong></span> 
     </span>
     <span class='ocr_line' id='line_1_9' title="bbox 344 1174 2569 1254; baseline -0.002 -17"><span class='ocrx_word' id='word_1_65' title='bbox 344 1180 510 1237; x_wconf 91' lang='lat' dir='ltr'><strong>nulla</strong></span> <span class='ocrx_word' id='word_1_66' title='bbox 551 1178 859 1254; x_wconf 79' lang='lat' dir='ltr'><strong>inscriptio</strong></span> <span class='ocrx_word' id='word_1_67' title='bbox 905 1177 1164 1254; x_wconf 86' lang='lat' dir='ltr'><strong>praefixa</strong></span> <span class='ocrx_word' id='word_1_68' title='bbox 1204 1176 1373 1235; x_wconf 86' lang='lat' dir='ltr'><strong>foret.</strong></span> <span class='ocrx_word' id='word_1_69' title='bbox 1460 1175 1563 1235; x_wconf 86' lang='lat' dir='ltr'><strong>Sic</strong></span> <span class='ocrx_word' id='word_1_70' title='bbox 1598 1174 1697 1234; x_wconf 87' lang='lat' dir='ltr'><strong>Ps.</strong></span> <span class='ocrx_word' id='word_1_71' title='bbox 1733 1177 1792 1236; x_wconf 82' lang='lat'><strong>3.</strong></span> <span class='ocrx_word' id='word_1_72' title='bbox 1829 1174 1967 1235; x_wconf 63' lang='lat' dir='ltr'><strong>‘cum</strong></span> <span class='ocrx_word' id='word_1_73' title='bbox 2011 1174 2260 1235; x_wconf 87' lang='lat' dir='ltr'><strong>historia</strong></span> <span class='ocrx_word' id='word_1_74' title='bbox 2299 1175 2569 1248; x_wconf 85' lang='lat' dir='ltr'><strong>Davidis,</strong></span> 
     </span>
     <span class='ocr_line' id='line_1_10' title="bbox 347 1291 2569 1375; baseline -0.002 -23"><span class='ocrx_word' id='word_1_75' title='bbox 347 1314 525 1374; x_wconf 88' lang='lat' dir='ltr'><strong>quum</strong></span> <span class='ocrx_word' id='word_1_76' title='bbox 578 1293 739 1353; x_wconf 56' lang='lat' dir='ltr'><strong>filius*</strong></span> <span class='ocrx_word' id='word_1_77' title='bbox 777 1303 1002 1371; x_wconf 86' lang='lat' dir='ltr'><strong>patrem</strong></span> <span class='ocrx_word' id='word_1_78' title='bbox 1042 1313 1231 1375; x_wconf 86' lang='lat' dir='ltr'><strong>regno</strong></span> <span class='ocrx_word' id='word_1_79' title='bbox 1275 1296 1593 1371; x_wconf 83' lang='lat' dir='ltr'><strong>spoliaret,</strong></span> <span class='ocrx_word' id='word_1_80' title='bbox 1653 1293 1983 1370; x_wconf 77' lang='lat' dir='ltr'><strong>conspirat,</strong></span> <span class='ocrx_word' id='word_1_81' title='bbox 2054 1303 2121 1352; x_wconf 87' lang='lat' dir='ltr'><strong>ut</strong></span> <span class='ocrx_word' id='word_1_82' title='bbox 2174 1295 2281 1352; x_wconf 81' lang='lat' dir='ltr'><strong>vix</strong></span> <span class='ocrx_word' id='word_1_83' title='bbox 2330 1291 2569 1350; x_wconf 90' lang='lat' dir='ltr'><strong>dubium</strong></span> 
     </span>
     <span class='ocr_line' id='line_1_11' title="bbox 298 1392 2568 1489; baseline -0.003 -18"><span class='ocrx_word' id='word_1_84' title='bbox 298 1392 299 1395; x_wconf 8' lang='grc' dir='ltr'><strong>Ἴ</strong></span> <span class='ocrx_word' id='word_1_85' title='bbox 344 1432 471 1472; x_wconf 88' lang='lat' dir='ltr'><strong>esse</strong></span> <span class='ocrx_word' id='word_1_86' title='bbox 509 1412 726 1489; x_wconf 78' lang='lat' dir='ltr'><strong>possit,</strong></span> <span class='ocrx_word' id='word_1_87' title='bbox 787 1412 930 1488; x_wconf 83' lang='lat' dir='ltr'><strong>quin</strong></span> <span class='ocrx_word' id='word_1_88' title='bbox 975 1410 1050 1469; x_wconf 91' lang='lat' dir='ltr'><strong>iis</strong></span> <span class='ocrx_word' id='word_1_89' title='bbox 1093 1412 1445 1489; x_wconf 84' lang='lat' dir='ltr'><strong>temporibus</strong></span> <span class='ocrx_word' id='word_1_90' title='bbox 1496 1410 1686 1469; x_wconf 85' lang='lat' dir='ltr'><strong>dictus</strong></span> <span class='ocrx_word' id='word_1_91' title='bbox 1734 1411 1849 1484; x_wconf 90' lang='lat' dir='ltr'><strong>sit,</strong></span> <span class='ocrx_word' id='word_1_92' title='bbox 1904 1413 2145 1469; x_wconf 84' lang='lat' dir='ltr'><strong>&#39;etiamsi</strong></span> <span class='ocrx_word' id='word_1_93' title='bbox 2184 1413 2407 1470; x_wconf 86' lang='lat' dir='ltr'><strong>nullam</strong></span> <span class='ocrx_word' id='word_1_94' title='bbox 2444 1410 2568 1484; x_wconf 77' lang='lat' dir='ltr'><strong>ejus</strong></span> 
     </span>
     <span class='ocr_line' id='line_1_12' title="bbox 344 1506 2636 1605; baseline -0.001 -16"><span class='ocrx_word' id='word_1_95' title='bbox 344 1531 435 1589; x_wconf 85' lang='lat' dir='ltr'><strong>rei</strong></span> <span class='ocrx_word' id='word_1_96' title='bbox 482 1506 790 1604; x_wconf 72' lang='lat' dir='ltr'><strong>inscriptio</strong></span> <span class='ocrx_word' id='word_1_97' title='bbox 830 1530 1183 1587; x_wconf 83' lang='lat' dir='ltr'><strong>mentionem</strong></span> <span class='ocrx_word' id='word_1_98' title='bbox 1226 1528 1464 1588; x_wconf 82' lang='lat' dir='ltr'><strong>faceret.</strong></span> <span class='ocrx_word' id='word_1_99' title='bbox 1541 1526 1707 1584; x_wconf 77' lang='lat' dir='ltr'><strong>Idem</strong></span> <span class='ocrx_word' id='word_1_100' title='bbox 1742 1527 1902 1585; x_wconf 75' lang='lat' dir='ltr'><strong>valet</strong></span> <span class='ocrx_word' id='word_1_101' title='bbox 1942 1524 2013 1585; x_wconf 88' lang='lat' dir='ltr'><strong>de</strong></span> <span class='ocrx_word' id='word_1_102' title='bbox 2053 1527 2294 1586; x_wconf 78' lang='lat' dir='ltr'><strong>Graecis</strong></span> <span class='ocrx_word' id='word_1_103' title='bbox 2339 1535 2405 1586; x_wconf 84' lang='lat' dir='ltr'><strong>et</strong></span> <span class='ocrx_word' id='word_1_104' title='bbox 2448 1526 2571 1605; x_wconf 83' lang='lat' dir='ltr'><strong>Sy·</strong></span> <span class='ocrx_word' id='word_1_105' title='bbox 2629 1506 2636 1511; x_wconf 31' lang='lat'>¹</span> 
     </span>
     <span class='ocr_line' id='line_1_13' title="bbox 344 1623 2568 1723; baseline -0.001 -19"><span class='ocrx_word' id='word_1_106' title='bbox 344 1649 522 1704; x_wconf 90' lang='lat' dir='ltr'><strong>riacis</strong></span> <span class='ocrx_word' id='word_1_107' title='bbox 565 1647 1078 1723; x_wconf 87' lang='lat' dir='ltr'><strong>inscriptionibus,</strong></span> <span class='ocrx_word' id='word_1_108' title='bbox 1123 1663 1268 1722; x_wconf 90' lang='lat' dir='ltr'><strong>quae</strong></span> <span class='ocrx_word' id='word_1_109' title='bbox 1306 1646 1392 1701; x_wconf 89' lang='lat' dir='ltr'><strong>ita</strong></span> <span class='ocrx_word' id='word_1_110' title='bbox 1434 1643 1726 1701; x_wconf 88' lang='lat' dir='ltr'><strong>interdum</strong></span> <span class='ocrx_word' id='word_1_111' title='bbox 1762 1653 1901 1701; x_wconf 88' lang='lat' dir='ltr'><strong>sunt</strong></span> <span class='ocrx_word' id='word_1_112' title='bbox 1943 1623 2342 1720; x_wconf 78' lang='lat' dir='ltr'><strong>comparatae,</strong></span> <span class='ocrx_word' id='word_1_113' title='bbox 2385 1653 2455 1702; x_wconf 87' lang='lat' dir='ltr'><strong>ut</strong></span> <span class='ocrx_word' id='word_1_114' title='bbox 2496 1642 2568 1701; x_wconf 89' lang='lat' dir='ltr'><strong>de</strong></span> 
     </span>
    </p>
   </div>
   <div class='ocr_carea' id='block_1_4' title="bbox 346 1755 2580 1847">
    <p class='ocr_par' dir='ltr' id='par_1_4' title="bbox 346 1755 2580 1847">
     <span class='ocr_line' id='line_1_14' title="bbox 346 1755 2580 1847; baseline -0 -27"><span class='ocrx_word' id='word_1_115' title='bbox 346 1781 546 1820; x_wconf 89' lang='lat' dir='ltr'><strong>earum</strong></span> <span class='ocrx_word' id='word_1_116' title='bbox 597 1755 889 1847; x_wconf 73' lang='grc' dir='ltr'><strong>αὗθεντίᾳ</strong></span> <span class='ocrx_word' id='word_1_117' title='bbox 930 1764 1268 1839; x_wconf 84' lang='lat' dir='ltr'><strong>neutiquam</strong></span> <span class='ocrx_word' id='word_1_118' title='bbox 1306 1762 1387 1818; x_wconf 90' lang='lat' dir='ltr'><strong>sit</strong></span> <span class='ocrx_word' id='word_1_119' title='bbox 1425 1757 1827 1819; x_wconf 82' lang='lat' dir='ltr'><strong>dubitandum.</strong></span> <span class='ocrx_word' id='word_1_120' title='bbox 1913 1763 2106 1829; x_wconf 80' lang='lat' dir='ltr'><strong>Quare</strong></span> <span class='ocrx_word' id='word_1_121' title='bbox 2145 1763 2383 1819; x_wconf 89' lang='lat' dir='ltr'><strong>minime</strong></span> <span class='ocrx_word' id='word_1_122' title='bbox 2428 1756 2580 1839; x_wconf 44' lang='lat' dir='ltr'><strong>pro-‘⁷</strong></span> 
     </span>
    </p>
   </div>
   <div class='ocr_carea' id='block_1_5' title="bbox 238 1861 2618 1960">
    <p class='ocr_par' dir='ltr' id='par_1_5' title="bbox 238 1861 2618 1960">
     <span class='ocr_line' id='line_1_15' title="bbox 238 1861 2618 1960; baseline -0.003 -19"><span class='ocrx_word' id='word_1_123' title='bbox 238 1894 243 1899; x_wconf 77' lang='lat'><em>‘</em></span> <span class='ocrx_word' id='word_1_124' title='bbox 344 1878 525 1941; x_wconf 80' lang='lat' dir='ltr'><strong>bandi</strong></span> <span class='ocrx_word' id='word_1_125' title='bbox 575 1878 881 1953; x_wconf 86' lang='lat' dir='ltr'><strong>videntur,</strong></span> <span class='ocrx_word' id='word_1_126' title='bbox 953 1879 1056 1956; x_wconf 88' lang='lat' dir='ltr'><strong>qui</strong></span> <span class='ocrx_word' id='word_1_127' title='bbox 1112 1879 1242 1936; x_wconf 88' lang='lat' dir='ltr'><strong>sine</strong></span> <span class='ocrx_word' id='word_1_128' title='bbox 1289 1878 1452 1936; x_wconf 88' lang='lat' dir='ltr'><strong>omni</strong></span> <span class='ocrx_word' id='word_1_129' title='bbox 1507 1874 1842 1936; x_wconf 86' lang='lat' dir='ltr'><strong>discrimine</strong></span> <span class='ocrx_word' id='word_1_130' title='bbox 1900 1896 2100 1936; x_wconf 88' lang='lat' dir='ltr'><strong>omnes</strong></span> <span class='ocrx_word' id='word_1_131' title='bbox 2157 1878 2570 1960; x_wconf 81' lang='lat' dir='ltr'><strong>inscriptiones</strong></span> <span class='ocrx_word' id='word_1_132' title='bbox 2597 1861 2618 1866; x_wconf 39' lang='lat'>⁵</span> 
     </span>
    </p>
   </div>
   <div class='ocr_carea' id='block_1_6' title="bbox 252 1992 2652 4408">
    <p class='ocr_par' dir='ltr' id='par_1_6' title="bbox 252 1992 2652 4408">
     <span class='ocr_line' id='line_1_16' title="bbox 320 1992 2570 2073; baseline -0.002 -20"><span class='ocrx_word' id='word_1_133' title='bbox 320 1994 732 2072; x_wconf 68' lang='lat' dir='ltr'><strong>repudiandas</strong></span> <span class='ocrx_word' id='word_1_134' title='bbox 760 1992 1041 2070; x_wconf 80' lang='lat' dir='ltr'><strong>judicant.</strong></span> <span class='ocrx_word' id='word_1_135' title='bbox 1125 1996 1326 2073; x_wconf 86' lang='lat' dir='ltr'><strong>Neque</strong></span> <span class='ocrx_word' id='word_1_136' title='bbox 1367 2004 1563 2052; x_wconf 90' lang='lat' dir='ltr'><strong>tamen</strong></span> <span class='ocrx_word' id='word_1_137' title='bbox 1606 2011 1805 2051; x_wconf 85' lang='lat' dir='ltr'><strong>omnes</strong></span> <span class='ocrx_word' id='word_1_138' title='bbox 1832 2004 2065 2052; x_wconf 65' lang='lat' dir='ltr'><strong>veteres</strong></span> <span class='ocrx_word' id='word_1_139' title='bbox 2102 2013 2221 2053; x_wconf 90' lang='lat' dir='ltr'><strong>uno</strong></span> <span class='ocrx_word' id='word_1_140' title='bbox 2256 1993 2570 2070; x_wconf 87' lang='lat' dir='ltr'><strong>eodemque</strong></span> 
     </span>
     <span class='ocr_line' id='line_1_17' title="bbox 344 2108 2567 2188; baseline -0.002 -19"><span class='ocrx_word' id='word_1_141' title='bbox 344 2108 520 2169; x_wconf 86' lang='lat' dir='ltr'><strong>modo</strong></span> <span class='ocrx_word' id='word_1_142' title='bbox 569 2109 640 2168; x_wconf 91' lang='lat' dir='ltr'><strong>de</strong></span> <span class='ocrx_word' id='word_1_143' title='bbox 694 2108 1062 2170; x_wconf 85' lang='lat' dir='ltr'><strong>Psalmorum</strong></span> <span class='ocrx_word' id='word_1_144' title='bbox 1117 2113 1306 2170; x_wconf 92' lang='lat' dir='ltr'><strong>titulis</strong></span> <span class='ocrx_word' id='word_1_145' title='bbox 1364 2111 1649 2183; x_wconf 85' lang='lat' dir='ltr'><strong>sensisse,</strong></span> <span class='ocrx_word' id='word_1_146' title='bbox 1718 2119 1940 2169; x_wconf 89' lang='lat' dir='ltr'><strong>certum</strong></span> <span class='ocrx_word' id='word_1_147' title='bbox 1994 2121 2099 2169; x_wconf 85' lang='lat' dir='ltr'><strong>est.</strong></span> <span class='ocrx_word' id='word_1_148' title='bbox 2180 2109 2328 2188; x_wconf 75' lang='lat' dir='ltr'><strong>&#39;Syri</strong></span> <span class='ocrx_word' id='word_1_149' title='bbox 2380 2126 2567 2166; x_wconf 81' lang='lat' dir='ltr'><strong>novas</strong></span> 
     </span>
     <span class='ocr_line' id='line_1_18' title="bbox 345 2204 2566 2307; baseline 0.001 -22"><span class='ocrx_word' id='word_1_150' title='bbox 345 2245 751 2305; x_wconf 82' lang='lat' dir='ltr'><strong>saepenumero</strong></span> <span class='ocrx_word' id='word_1_151' title='bbox 783 2228 1189 2306; x_wconf 87' lang='lat' dir='ltr'><strong>inscriptiones</strong></span> <span class='ocrx_word' id='word_1_152' title='bbox 1230 2224 1614 2298; x_wconf 86' lang='lat' dir='ltr'><strong>effinxerunt,</strong></span> <span class='ocrx_word' id='word_1_153' title='bbox 1676 2229 1909 2303; x_wconf 83' lang='lat' dir='ltr'><strong>rejectis</strong></span> <span class='ocrx_word' id='word_1_154' title='bbox 1951 2231 2157 2307; x_wconf 82' lang='lat' dir='ltr'><strong>priscis</strong></span> <span class='ocrx_word' id='word_1_155' title='bbox 2203 2204 2357 2299; x_wconf 67' lang='lat' dir='ltr'><strong>illis,</strong></span> <span class='ocrx_word' id='word_1_156' title='bbox 2418 2241 2566 2302; x_wconf 72' lang='lat' dir='ltr'><strong>quae</strong></span> 
     </span>
     <span class='ocr_line' id='line_1_19' title="bbox 344 2329 2652 2423; baseline -0.001 -22"><span class='ocrx_word' id='word_1_157' title='bbox 344 2353 539 2401; x_wconf 82' lang='lat' dir='ltr'><strong>textus</strong></span> <span class='ocrx_word' id='word_1_158' title='bbox 567 2342 742 2401; x_wconf 88' lang='lat' dir='ltr'><strong>Hebr.</strong></span> <span class='ocrx_word' id='word_1_159' title='bbox 775 2355 833 2402; x_wconf 88' lang='lat' dir='ltr'><strong>et</strong></span> <span class='ocrx_word' id='word_1_160' title='bbox 864 2343 1045 2404; x_wconf 84' lang='lat' dir='ltr'><strong>Lxx</strong></span> <span class='ocrx_word' id='word_1_161' title='bbox 1087 2344 1381 2404; x_wconf 77' lang='lat' dir='ltr'><strong>exhibent.</strong></span> <span class='ocrx_word' id='word_1_162' title='bbox 1464 2340 1588 2400; x_wconf 89' lang='lat' dir='ltr'><strong>Nec</strong></span> <span class='ocrx_word' id='word_1_163' title='bbox 1621 2343 1839 2423; x_wconf 81' lang='lat' dir='ltr'><strong>exigua</strong></span> <span class='ocrx_word' id='word_1_164' title='bbox 1871 2363 2071 2403; x_wconf 86' lang='lat' dir='ltr'><strong>earum</strong></span> <span class='ocrx_word' id='word_1_165' title='bbox 2103 2362 2271 2422; x_wconf 74' lang='lat' dir='ltr'><strong>pars,</strong></span> <span class='ocrx_word' id='word_1_166' title='bbox 2314 2360 2461 2419; x_wconf 77' lang='lat' dir='ltr'><strong>quae</strong></span> <span class='ocrx_word' id='word_1_167' title='bbox 2500 2343 2567 2399; x_wconf 92' lang='lat' dir='ltr'><strong>in</strong></span> <span class='ocrx_word' id='word_1_168' title='bbox 2646 2329 2652 2332; x_wconf 38' lang='grc'><strong><em>’</em></strong></span> 
     </span>
     <span class='ocr_line' id='line_1_20' title="bbox 252 2451 2567 2552; baseline -0.002 -31"><span class='ocrx_word' id='word_1_169' title='bbox 252 2545 263 2552; x_wconf 17' lang='grc' dir='ltr'><strong><em>Ἤ</em></strong></span> <span class='ocrx_word' id='word_1_170' title='bbox 343 2460 552 2521; x_wconf 89' lang='lat' dir='ltr'><strong>Bibliis</strong></span> <span class='ocrx_word' id='word_1_171' title='bbox 607 2461 964 2543; x_wconf 79' lang='lat' dir='ltr'><strong>Polyglottis</strong></span> <span class='ocrx_word' id='word_1_172' title='bbox 1023 2451 1366 2542; x_wconf 61' lang='lat' dir='ltr'><strong>expressae,</strong></span> <span class='ocrx_word' id='word_1_173' title='bbox 1439 2454 1719 2534; x_wconf 87' lang='lat' dir='ltr'><strong>insipidas</strong></span> <span class='ocrx_word' id='word_1_174' title='bbox 1772 2459 2031 2535; x_wconf 84' lang='lat' dir='ltr'><strong>fabulas,</strong></span> <span class='ocrx_word' id='word_1_175' title='bbox 2104 2470 2164 2521; x_wconf 87' lang='lat' dir='ltr'><strong>et</strong></span> <span class='ocrx_word' id='word_1_176' title='bbox 2218 2460 2567 2541; x_wconf 80' lang='lat' dir='ltr'><strong>allegoricas</strong></span> 
     </span>
     <span class='ocr_line' id='line_1_21' title="bbox 344 2559 2569 2658; baseline -0.001 -20"><span class='ocrx_word' id='word_1_177' title='bbox 344 2579 734 2657; x_wconf 82' lang='lat' dir='ltr'><strong>mysticasque</strong></span> <span class='ocrx_word' id='word_1_178' title='bbox 773 2580 1225 2658; x_wconf 86' lang='lat' dir='ltr'><strong>explicationes,</strong></span> <span class='ocrx_word' id='word_1_179' title='bbox 1275 2596 1351 2636; x_wconf 86' lang='lat' dir='ltr'><strong>ex</strong></span> <span class='ocrx_word' id='word_1_180' title='bbox 1390 2575 1634 2634; x_wconf 90' lang='lat' dir='ltr'><strong>Patrum</strong></span> <span class='ocrx_word' id='word_1_181' title='bbox 1671 2573 1901 2651; x_wconf 87' lang='lat' dir='ltr'><strong>scriptis</strong></span> <span class='ocrx_word' id='word_1_182' title='bbox 1945 2559 2189 2653; x_wconf 86' lang='lat' dir='ltr'><strong>petitas,</strong></span> <span class='ocrx_word' id='word_1_183' title='bbox 2242 2578 2412 2655; x_wconf 87' lang='lat' dir='ltr'><strong>sapit.</strong></span> <span class='ocrx_word' id='word_1_184' title='bbox 2497 2575 2569 2635; x_wconf 91' lang='lat' dir='ltr'><strong>In</strong></span> 
     </span>
     <span class='ocr_line' id='line_1_22' title="bbox 345 2657 2565 2776; baseline -0.001 -21"><span class='ocrx_word' id='word_1_185' title='bbox 345 2696 689 2776; x_wconf 88' lang='lat' dir='ltr'><strong>quibusdam</strong></span> <span class='ocrx_word' id='word_1_186' title='bbox 731 2714 871 2756; x_wconf 78' lang='lat' dir='ltr'><strong>vero</strong></span> <span class='ocrx_word' id='word_1_187' title='bbox 917 2695 1085 2753; x_wconf 89' lang='lat' dir='ltr'><strong>libris</strong></span> <span class='ocrx_word' id='word_1_188' title='bbox 1127 2713 1262 2753; x_wconf 91' lang='lat' dir='ltr'><strong>mss.</strong></span> <span class='ocrx_word' id='word_1_189' title='bbox 1301 2711 1499 2754; x_wconf 86' lang='lat' dir='ltr'><strong>omnes</strong></span> <span class='ocrx_word' id='word_1_190' title='bbox 1543 2692 1781 2749; x_wconf 87' lang='lat' dir='ltr'><strong>omnino</strong></span> <span class='ocrx_word' id='word_1_191' title='bbox 1826 2692 1990 2750; x_wconf 89' lang='lat' dir='ltr'><strong>tituli</strong></span> <span class='ocrx_word' id='word_1_192' title='bbox 2017 2657 2277 2769; x_wconf 65' lang='lat' dir='ltr'><strong>desunt,</strong></span> <span class='ocrx_word' id='word_1_193' title='bbox 2337 2704 2398 2753; x_wconf 87' lang='lat' dir='ltr'><strong>et</strong></span> <span class='ocrx_word' id='word_1_194' title='bbox 2436 2691 2565 2754; x_wconf 87' lang='lat' dir='ltr'><strong>Da-</strong></span> 
     </span>
     <span class='ocr_line' id='line_1_23' title="bbox 343 2812 2567 2892; baseline -0 -20"><span class='ocrx_word' id='word_1_195' title='bbox 343 2812 500 2873; x_wconf 81' lang='lat' dir='ltr'><strong>vidis</strong></span> <span class='ocrx_word' id='word_1_196' title='bbox 537 2822 768 2872; x_wconf 89' lang='lat' dir='ltr'><strong>tantum</strong></span> <span class='ocrx_word' id='word_1_197' title='bbox 812 2831 1024 2870; x_wconf 91' lang='lat' dir='ltr'><strong>nomen</strong></span> <span class='ocrx_word' id='word_1_198' title='bbox 1060 2812 1421 2871; x_wconf 87' lang='lat' dir='ltr'><strong>carminibus</strong></span> <span class='ocrx_word' id='word_1_199' title='bbox 1464 2812 1809 2889; x_wconf 88' lang='lat' dir='ltr'><strong>inscriptum</strong></span> <span class='ocrx_word' id='word_1_200' title='bbox 1843 2819 1968 2885; x_wconf 90' lang='lat' dir='ltr'><strong>est,</strong></span> <span class='ocrx_word' id='word_1_201' title='bbox 2004 2812 2080 2869; x_wconf 89' lang='lat' dir='ltr'><strong>iis</strong></span> <span class='ocrx_word' id='word_1_202' title='bbox 2115 2830 2375 2892; x_wconf 87' lang='lat' dir='ltr'><strong>quoque,</strong></span> <span class='ocrx_word' id='word_1_203' title='bbox 2419 2831 2567 2891; x_wconf 85' lang='lat' dir='ltr'><strong>quae</strong></span> 
     </span>
     <span class='ocr_line' id='line_1_24' title="bbox 345 2926 2568 3007; baseline -0 -18"><span class='ocrx_word' id='word_1_204' title='bbox 345 2932 480 2989; x_wconf 87' lang='lat' dir='ltr'><strong>aliis</strong></span> <span class='ocrx_word' id='word_1_205' title='bbox 521 2930 712 3007; x_wconf 87' lang='lat' dir='ltr'><strong>poetis</strong></span> <span class='ocrx_word' id='word_1_206' title='bbox 750 2928 1091 2988; x_wconf 88' lang='lat' dir='ltr'><strong>tribuuntur</strong></span> <span class='ocrx_word' id='word_1_207' title='bbox 1129 2929 1194 2986; x_wconf 92' lang='lat' dir='ltr'><strong>in</strong></span> <span class='ocrx_word' id='word_1_208' title='bbox 1239 2928 1409 2986; x_wconf 91' lang='lat' dir='ltr'><strong>libris</strong></span> <span class='ocrx_word' id='word_1_209' title='bbox 1448 2926 1787 3001; x_wconf 80' lang='lat' dir='ltr'><strong>Hebraicis,</strong></span> <span class='ocrx_word' id='word_1_210' title='bbox 1844 2927 1997 3006; x_wconf 89' lang='lat' dir='ltr'><strong>quod</strong></span> <span class='ocrx_word' id='word_1_211' title='bbox 2029 2928 2099 2987; x_wconf 91' lang='lat' dir='ltr'><strong>de</strong></span> <span class='ocrx_word' id='word_1_212' title='bbox 2140 2931 2217 2987; x_wconf 86' lang='lat' dir='ltr'><strong>iis</strong></span> <span class='ocrx_word' id='word_1_213' title='bbox 2258 2929 2568 3006; x_wconf 85' lang='lat' dir='ltr'><strong>praecipue</strong></span> 
     </span>
     <span class='ocr_line' id='line_1_25' title="bbox 345 3042 2562 3124; baseline -0.001 -18"><span class='ocrx_word' id='word_1_214' title='bbox 345 3044 525 3106; x_wconf 78' lang='lat' dir='ltr'><strong>codd.</strong></span> <span class='ocrx_word' id='word_1_215' title='bbox 570 3048 762 3121; x_wconf 79' lang='lat' dir='ltr'><strong>valet,</strong></span> <span class='ocrx_word' id='word_1_216' title='bbox 832 3047 934 3124; x_wconf 87' lang='lat' dir='ltr'><strong>qui</strong></span> <span class='ocrx_word' id='word_1_217' title='bbox 980 3047 1367 3105; x_wconf 87' lang='lat' dir='ltr'><strong>ecclesiastico</strong></span> <span class='ocrx_word' id='word_1_218' title='bbox 1419 3046 1554 3104; x_wconf 88' lang='lat' dir='ltr'><strong>usui</strong></span> <span class='ocrx_word' id='word_1_219' title='bbox 1596 3064 1633 3106; x_wconf 89' lang='lat' dir='ltr'><strong>a</strong></span> <span class='ocrx_word' id='word_1_220' title='bbox 1677 3045 1937 3104; x_wconf 83' lang='lat' dir='ltr'><strong>librariis</strong></span> <span class='ocrx_word' id='word_1_221' title='bbox 1981 3042 2258 3104; x_wconf 87' lang='lat' dir='ltr'><strong>destinati</strong></span> <span class='ocrx_word' id='word_1_222' title='bbox 2299 3043 2562 3109; x_wconf 86' lang='lat' dir='ltr'><strong>fuerunt.</strong></span> 
     </span>
     <span class='ocr_line' id='line_1_26' title="bbox 344 3160 2650 3241; baseline -0 -18"><span class='ocrx_word' id='word_1_223' title='bbox 344 3163 443 3223; x_wconf 87' lang='lat' dir='ltr'><strong>Ex</strong></span> <span class='ocrx_word' id='word_1_224' title='bbox 486 3164 693 3241; x_wconf 89' lang='lat' dir='ltr'><strong>quibus</strong></span> <span class='ocrx_word' id='word_1_225' title='bbox 738 3164 886 3220; x_wconf 88' lang='lat' dir='ltr'><strong>satis</strong></span> <span class='ocrx_word' id='word_1_226' title='bbox 944 3171 1103 3240; x_wconf 89' lang='lat' dir='ltr'><strong>patet</strong></span> <span class='ocrx_word' id='word_1_227' title='bbox 1118 3204 1137 3236; x_wconf 95' lang='lat'><strong>,</strong></span> <span class='ocrx_word' id='word_1_228' title='bbox 1201 3181 1322 3228; x_wconf 88' lang='lat' dir='ltr'><strong>non</strong></span> <span class='ocrx_word' id='word_1_229' title='bbox 1371 3171 1600 3223; x_wconf 89' lang='lat' dir='ltr'><strong>tantam</strong></span> <span class='ocrx_word' id='word_1_230' title='bbox 1651 3162 2058 3220; x_wconf 87' lang='lat' dir='ltr'><strong>auctoritatem</strong></span> <span class='ocrx_word' id='word_1_231' title='bbox 2100 3160 2423 3236; x_wconf 18' lang='lat' dir='ltr'><strong>Hebraicis,</strong></span> <span class='ocrx_word' id='word_1_232' title='bbox 2467 3166 2568 3223; x_wconf 85' lang='lat' dir='ltr'><strong>in·</strong></span> <span class='ocrx_word' id='word_1_233' title='bbox 2645 3201 2650 3206; x_wconf 62' lang='lat'><strong>,</strong></span> 
     </span>
     <span class='ocr_line' id='line_1_27' title="bbox 346 3277 2567 3358; baseline 0.001 -22"><span class='ocrx_word' id='word_1_234' title='bbox 346 3279 761 3355; x_wconf 82' lang='lat' dir='ltr'><strong>scriptionibus</strong></span> <span class='ocrx_word' id='word_1_235' title='bbox 802 3278 986 3358; x_wconf 82' lang='lat' dir='ltr'><strong>Syros</strong></span> <span class='ocrx_word' id='word_1_236' title='bbox 1024 3279 1316 3356; x_wconf 81' lang='lat' dir='ltr'><strong>tribuisse,</strong></span> <span class='ocrx_word' id='word_1_237' title='bbox 1356 3289 1418 3339; x_wconf 74' lang='lat' dir='ltr'><strong>et</strong></span> <span class='ocrx_word' id='word_1_238' title='bbox 1461 3280 1737 3355; x_wconf 85' lang='lat' dir='ltr'><strong>cujusque</strong></span> <span class='ocrx_word' id='word_1_239' title='bbox 1771 3277 2016 3336; x_wconf 86' lang='lat' dir='ltr'><strong>arbitrio</strong></span> <span class='ocrx_word' id='word_1_240' title='bbox 2052 3279 2323 3338; x_wconf 80' lang='lat' dir='ltr'><strong>relictum</strong></span> <span class='ocrx_word' id='word_1_241' title='bbox 2354 3279 2567 3356; x_wconf 83' lang='lat' dir='ltr'><strong>fuisse,</strong></span> 
     </span>
     <span class='ocr_line' id='line_1_28' title="bbox 348 3395 2569 3477; baseline 0.002 -23"><span class='ocrx_word' id='word_1_242' title='bbox 348 3414 516 3477; x_wconf 89' lang='lat' dir='ltr'><strong>quem</strong></span> <span class='ocrx_word' id='word_1_243' title='bbox 548 3414 775 3458; x_wconf 81' lang='lat' dir='ltr'><strong>sensum</strong></span> <span class='ocrx_word' id='word_1_244' title='bbox 791 3437 813 3472; x_wconf 88' lang='lat'>‚</span> <span class='ocrx_word' id='word_1_245' title='bbox 867 3416 1149 3475; x_wconf 89' lang='lat' dir='ltr'><strong>quamque</strong></span> <span class='ocrx_word' id='word_1_246' title='bbox 1181 3397 1625 3475; x_wconf 85' lang='lat' dir='ltr'><strong>explicationem</strong></span> <span class='ocrx_word' id='word_1_247' title='bbox 1661 3395 1905 3452; x_wconf 83' lang='lat' dir='ltr'><strong>carmini</strong></span> <span class='ocrx_word' id='word_1_248' title='bbox 1941 3397 2373 3456; x_wconf 82' lang='lat' dir='ltr'><strong>accommodare</strong></span> <span class='ocrx_word' id='word_1_249' title='bbox 2405 3399 2569 3458; x_wconf 81' lang='lat' dir='ltr'><strong>velit.</strong></span> 
     </span>
     <span class='ocr_line' id='line_1_29' title="bbox 349 3512 2571 3590; baseline 0.002 -19"><span class='ocrx_word' id='word_1_250' title='bbox 349 3512 822 3575; x_wconf 72' lang='lat' dir='ltr'><strong>Tnnonoan&#39;rus</strong></span> <span class='ocrx_word' id='word_1_251' title='bbox 868 3533 988 3576; x_wconf 86' lang='lat' dir='ltr'><strong>non</strong></span> <span class='ocrx_word' id='word_1_252' title='bbox 1033 3533 1229 3573; x_wconf 90' lang='lat' dir='ltr'><strong>omnes</strong></span> <span class='ocrx_word' id='word_1_253' title='bbox 1270 3514 1600 3590; x_wconf 87' lang='lat' dir='ltr'><strong>promiscue</strong></span> <span class='ocrx_word' id='word_1_254' title='bbox 1640 3512 2048 3590; x_wconf 88' lang='lat' dir='ltr'><strong>inscriptiones</strong></span> <span class='ocrx_word' id='word_1_255' title='bbox 2093 3514 2342 3590; x_wconf 89' lang='lat' dir='ltr'><strong>accipit,</strong></span> <span class='ocrx_word' id='word_1_256' title='bbox 2401 3517 2571 3575; x_wconf 89' lang='lat' dir='ltr'><strong>utin</strong></span> 
     </span>
     <span class='ocr_line' id='line_1_30' title="bbox 349 3601 2570 3711; baseline 0.001 -23"><span class='ocrx_word' id='word_1_257' title='bbox 349 3629 591 3688; x_wconf 85' lang='lat' dir='ltr'><strong>Graecis</strong></span> <span class='ocrx_word' id='word_1_258' title='bbox 619 3638 679 3687; x_wconf 89' lang='lat' dir='ltr'><strong>et</strong></span> <span class='ocrx_word' id='word_1_259' title='bbox 702 3601 1003 3690; x_wconf 74' lang='lat' dir='ltr'><strong>Hebraicis</strong></span> <span class='ocrx_word' id='word_1_260' title='bbox 1032 3628 1204 3690; x_wconf 87' lang='lat' dir='ltr'><strong>libris</strong></span> <span class='ocrx_word' id='word_1_261' title='bbox 1229 3632 1524 3711; x_wconf 78' lang='lat' dir='ltr'><strong>leguntur,</strong></span> <span class='ocrx_word' id='word_1_262' title='bbox 1550 3609 1650 3686; x_wconf 71' lang='lat' dir='ltr'><strong>sed</strong></span> <span class='ocrx_word' id='word_1_263' title='bbox 1676 3629 1853 3706; x_wconf 88' lang='lat' dir='ltr'><strong>probe</strong></span> <span class='ocrx_word' id='word_1_264' title='bbox 1879 3628 2132 3694; x_wconf 82' lang='lat' dir='ltr'><strong>Graecas</strong></span> <span class='ocrx_word' id='word_1_265' title='bbox 2162 3629 2234 3689; x_wconf 84' lang='lat' dir='ltr'><strong>ab</strong></span> <span class='ocrx_word' id='word_1_266' title='bbox 2261 3613 2570 3691; x_wconf 82' lang='lat' dir='ltr'><strong>Hebraicis</strong></span> 
     </span>
     <span class='ocr_line' id='line_1_31' title="bbox 351 3745 2571 3826; baseline 0.002 -24"><span class='ocrx_word' id='word_1_267' title='bbox 351 3745 646 3820; x_wconf 82' lang='lat' dir='ltr'><strong>discernit,</strong></span> <span class='ocrx_word' id='word_1_268' title='bbox 687 3747 928 3825; x_wconf 86' lang='lat' dir='ltr'><strong>illasque</strong></span> <span class='ocrx_word' id='word_1_269' title='bbox 969 3758 1242 3826; x_wconf 84' lang='lat' dir='ltr'><strong>tanquam</strong></span> <span class='ocrx_word' id='word_1_270' title='bbox 1275 3748 1502 3824; x_wconf 88' lang='lat' dir='ltr'><strong>spurias</strong></span> <span class='ocrx_word' id='word_1_271' title='bbox 1543 3755 1605 3804; x_wconf 86' lang='lat' dir='ltr'><strong>et</strong></span> <span class='ocrx_word' id='word_1_272' title='bbox 1645 3746 2002 3804; x_wconf 87' lang='lat' dir='ltr'><strong>adulterinas</strong></span> <span class='ocrx_word' id='word_1_273' title='bbox 2045 3748 2235 3821; x_wconf 84' lang='lat' dir='ltr'><strong>rejicit</strong></span> <span class='ocrx_word' id='word_1_274' title='bbox 2250 3787 2270 3821; x_wconf 88' lang='lat'><strong>,</strong></span> <span class='ocrx_word' id='word_1_275' title='bbox 2314 3764 2463 3825; x_wconf 88' lang='lat' dir='ltr'><strong>quae</strong></span> <span class='ocrx_word' id='word_1_276' title='bbox 2503 3751 2571 3807; x_wconf 84' lang='lat' dir='ltr'><strong>in</strong></span> 
     </span>
     <span class='ocr_line' id='line_1_32' title="bbox 352 3851 2571 3938; baseline 0.002 -18"><span class='ocrx_word' id='word_1_277' title='bbox 352 3859 594 3920; x_wconf 85' lang='lat' dir='ltr'><strong>Graecis</strong></span> <span class='ocrx_word' id='word_1_278' title='bbox 619 3869 845 3923; x_wconf 88' lang='lat' dir='ltr'><strong>tantum</strong></span> <span class='ocrx_word' id='word_1_279' title='bbox 873 3851 1273 3938; x_wconf 85' lang='lat' dir='ltr'><strong>inveniuntur,</strong></span> <span class='ocrx_word' id='word_1_280' title='bbox 1298 3865 1369 3922; x_wconf 91' lang='lat' dir='ltr'><strong>ab</strong></span> <span class='ocrx_word' id='word_1_281' title='bbox 1384 3861 1689 3921; x_wconf 88' lang='lat' dir='ltr'><strong>Hebraicis</strong></span> <span class='ocrx_word' id='word_1_282' title='bbox 1715 3881 1852 3921; x_wconf 80' lang='lat' dir='ltr'><strong>vero</strong></span> <span class='ocrx_word' id='word_1_283' title='bbox 1880 3864 2310 3936; x_wconf 87' lang='lat' dir='ltr'><strong>exemplaribus</strong></span> <span class='ocrx_word' id='word_1_284' title='bbox 2336 3864 2571 3924; x_wconf 85' lang='lat' dir='ltr'><strong>absunt.</strong></span> 
     </span>
     <span class='ocr_line' id='line_1_33' title="bbox 262 3974 2580 4068; baseline 0.001 -33"><span class='ocrx_word' id='word_1_285' title='bbox 262 4061 267 4068; x_wconf 12' lang='grc' dir='ltr'><strong>ἡ</strong></span> <span class='ocrx_word' id='word_1_286' title='bbox 350 3977 440 4035; x_wconf 77' lang='lat' dir='ltr'><strong>Ac</strong></span> <span class='ocrx_word' id='word_1_287' title='bbox 470 3974 824 4039; x_wconf 88' lang='lat' dir='ltr'><strong>Theodoreti</strong></span> <span class='ocrx_word' id='word_1_288' title='bbox 864 3982 1092 4060; x_wconf 88' lang='lat' dir='ltr'><strong>quidem</strong></span> <span class='ocrx_word' id='word_1_289' title='bbox 1125 3981 1379 4061; x_wconf 81' lang='lat' dir='ltr'><strong>vestigia</strong></span> <span class='ocrx_word' id='word_1_290' title='bbox 1414 3981 1671 4057; x_wconf 86' lang='lat' dir='ltr'><strong>plerique</strong></span> <span class='ocrx_word' id='word_1_291' title='bbox 1708 3998 1783 4037; x_wconf 79' lang='lat' dir='ltr'><strong>ex</strong></span> <span class='ocrx_word' id='word_1_292' title='bbox 1824 3981 2045 4038; x_wconf 90' lang='lat' dir='ltr'><strong>nostris</strong></span> <span class='ocrx_word' id='word_1_293' title='bbox 2074 3976 2391 4058; x_wconf 80' lang='lat' dir='ltr'><strong>Theologis</strong></span> <span class='ocrx_word' id='word_1_294' title='bbox 2426 3981 2580 4039; x_wconf 81' lang='lat' dir='ltr'><strong>olim·</strong></span> 
     </span>
     <span class='ocr_line' id='line_1_34' title="bbox 356 4086 2576 4178; baseline 0 -29"><span class='ocrx_word' id='word_1_295' title='bbox 356 4094 542 4151; x_wconf 90' lang='lat' dir='ltr'><strong>secuti</strong></span> <span class='ocrx_word' id='word_1_296' title='bbox 571 4105 737 4169; x_wconf 87' lang='lat' dir='ltr'><strong>sunt,</strong></span> <span class='ocrx_word' id='word_1_297' title='bbox 777 4116 853 4165; x_wconf 73' lang='lat' dir='ltr'><strong>ex</strong></span> <span class='ocrx_word' id='word_1_298' title='bbox 895 4098 1302 4175; x_wconf 80' lang='lat' dir='ltr'><strong>praejudicatis</strong></span> <span class='ocrx_word' id='word_1_299' title='bbox 1343 4096 1464 4152; x_wconf 87' lang='lat' dir='ltr'><strong>illis</strong></span> <span class='ocrx_word' id='word_1_300' title='bbox 1507 4096 1579 4152; x_wconf 90' lang='lat' dir='ltr'><strong>de</strong></span> <span class='ocrx_word' id='word_1_301' title='bbox 1609 4095 1893 4156; x_wconf 88' lang='lat' dir='ltr'><strong>librorum</strong></span> <span class='ocrx_word' id='word_1_302' title='bbox 1931 4092 2352 4151; x_wconf 84' lang='lat' dir='ltr'><strong>Hebraicorum</strong></span> <span class='ocrx_word' id='word_1_303' title='bbox 2388 4086 2576 4178; x_wconf 70' lang='grc' dir='ltr'>ἄκρι-</span> 
     </span>
     <span class='ocr_line' id='line_1_35' title="bbox 355 4209 2575 4292; baseline -0.003 -22"><span class='ocrx_word' id='word_1_304' title='bbox 355 4209 499 4292; x_wconf 74' lang='grc' dir='ltr'><strong>βείᾳ</strong></span> <span class='ocrx_word' id='word_1_305' title='bbox 539 4220 596 4268; x_wconf 85' lang='lat' dir='ltr'><strong>et</strong></span> <span class='ocrx_word' id='word_1_306' title='bbox 638 4210 979 4292; x_wconf 79' lang='lat' dir='ltr'><strong>integritate</strong></span> <span class='ocrx_word' id='word_1_307' title='bbox 1018 4211 1407 4290; x_wconf 84' lang='lat' dir='ltr'><strong>opinionibus.</strong></span> <span class='ocrx_word' id='word_1_308' title='bbox 1490 4209 1574 4269; x_wconf 90' lang='lat' dir='ltr'><strong>Ut</strong></span> <span class='ocrx_word' id='word_1_309' title='bbox 1616 4212 1771 4269; x_wconf 88' lang='lat' dir='ltr'><strong>euim</strong></span> <span class='ocrx_word' id='word_1_310' title='bbox 1810 4229 1844 4267; x_wconf 89' lang='lat' dir='ltr'><strong>e</strong></span> <span class='ocrx_word' id='word_1_311' title='bbox 1881 4209 2122 4269; x_wconf 83' lang='lat' dir='ltr'><strong>Graecis</strong></span> <span class='ocrx_word' id='word_1_312' title='bbox 2162 4209 2377 4266; x_wconf 88' lang='lat' dir='ltr'><strong>multae</strong></span> <span class='ocrx_word' id='word_1_313' title='bbox 2416 4227 2458 4266; x_wconf 87' lang='lat' dir='ltr'><strong>a</strong></span> <span class='ocrx_word' id='word_1_314' title='bbox 2494 4215 2575 4272; x_wconf 84' lang='lat' dir='ltr'><strong>li..</strong></span> 
     </span>
     <span class='ocr_line' id='line_1_36' title="bbox 360 4320 2575 4408; baseline 0.002 -25"><span class='ocrx_word' id='word_1_315' title='bbox 360 4326 573 4385; x_wconf 87' lang='lat' dir='ltr'><strong>brariis</strong></span> <span class='ocrx_word' id='word_1_316' title='bbox 634 4339 693 4388; x_wconf 89' lang='lat' dir='ltr'><strong>et</strong></span> <span class='ocrx_word' id='word_1_317' title='bbox 739 4331 1152 4408; x_wconf 80' lang='lat' dir='ltr'><strong>interpretibus</strong></span> <span class='ocrx_word' id='word_1_318' title='bbox 1199 4328 1432 4386; x_wconf 84' lang='lat' dir='ltr'><strong>additae</strong></span> <span class='ocrx_word' id='word_1_319' title='bbox 1474 4336 1646 4401; x_wconf 87' lang='lat' dir='ltr'><strong>sunt,</strong></span> <span class='ocrx_word' id='word_1_320' title='bbox 1711 4328 1798 4385; x_wconf 88' lang='lat' dir='ltr'><strong>ita</strong></span> <span class='ocrx_word' id='word_1_321' title='bbox 1856 4342 2085 4404; x_wconf 89' lang='lat' dir='ltr'><strong>quoque</strong></span> <span class='ocrx_word' id='word_1_322' title='bbox 2112 4340 2208 4400; x_wconf 73' lang='lat' dir='ltr'><strong>⁸ex</strong></span> <span class='ocrx_word' id='word_1_323' title='bbox 2260 4320 2575 4388; x_wconf 83' lang='lat' dir='ltr'><strong>Hebraicis</strong></span> 
     </span>
    </p>
   </div>
  </div>
 </body>
</html>
