<?xml version="1.0" encoding="UTF-8"?>
<!DOCTYPE html PUBLIC "-//W3C//DTD XHTML 1.0 Transitional//EN"
    "http://www.w3.org/TR/xhtml1/DTD/xhtml1-transitional.dtd">
<html xmlns="http://www.w3.org/1999/xhtml" xml:lang="en" lang="en">
 <head>
  <title>
</title>
<meta http-equiv="Content-Type" content="text/html;charset=utf-8" />
  <meta name='ocr-system' content='tesseract 3.04.00' />
  <meta name='ocr-capabilities' content='ocr_page ocr_carea ocr_par ocr_line ocrx_word'/>
</head>
<body>
  <div class='ocr_page' id='page_1' title='image "./scholiainpsalmo00rosegoog_0636.png"; bbox 0 0 2807 4913; ppageno 0'>
   <div class='ocr_carea' id='block_1_1' title="bbox 404 283 1938 392">
    <p class='ocr_par' dir='ltr' id='par_1_1' title="bbox 404 283 1938 392">
     <span class='ocr_line' id='line_1_1' title="bbox 404 283 1938 392; baseline -0.007 -33"><span class='ocrx_word' id='word_1_1' title='bbox 404 283 577 379; x_wconf 26' lang='lat'>574·</span> <span class='ocrx_word' id='word_1_2' title='bbox 832 357 835 362; x_wconf 69' lang='grc'>,</span> <span class='ocrx_word' id='word_1_3' title='bbox 1122 287 1244 355; x_wconf 78' lang='lat' dir='ltr'>Ps.</span> <span class='ocrx_word' id='word_1_4' title='bbox 1307 302 1471 375; x_wconf 88' lang='lat'>107,</span> <span class='ocrx_word' id='word_1_5' title='bbox 1533 284 1886 374; x_wconf 56' lang='lat'><strong>37—441.</strong></span> <span class='ocrx_word' id='word_1_6' title='bbox 1931 384 1938 392; x_wconf 54' lang='lat'><strong>.</strong></span> 
     </span>
    </p>
   </div>
   <div class='ocr_carea' id='block_1_2' title="bbox 391 433 2628 633">
    <p class='ocr_par' dir='ltr' id='par_1_2' title="bbox 391 433 2628 633">
     <span class='ocr_line' id='line_1_2' title="bbox 391 433 2628 565; baseline -0.004 -28.968"><span class='ocrx_word' id='word_1_7' title='bbox 391 473 569 565; x_wconf 66' lang='lat' dir='ltr'>:1y7‘72</span> <span class='ocrx_word' id='word_1_8' title='bbox 604 471 698 534; x_wconf 82' lang='lat' dir='ltr'>Ita</span> <span class='ocrx_word' id='word_1_9' title='bbox 740 481 811 532; x_wconf 85' lang='lat' dir='ltr'>ut</span> <span class='ocrx_word' id='word_1_10' title='bbox 851 472 1152 551; x_wconf 76' lang='lat' dir='ltr'>erigerent</span> <span class='ocrx_word' id='word_1_11' title='bbox 1191 467 1394 532; x_wconf 73' lang='lat' dir='ltr'>urben·</span> <span class='ocrx_word' id='word_1_12' title='bbox 1434 467 1866 544; x_wconf 68' lang='lat' dir='ltr'><strong><em>habitationis,</em></strong></span> <span class='ocrx_word' id='word_1_13' title='bbox 1918 471 1960 528; x_wconf 90' lang='lat' dir='ltr'>i.</span> <span class='ocrx_word' id='word_1_14' title='bbox 1987 489 2038 529; x_wconf 90' lang='lat' dir='ltr'>e.</span> <span class='ocrx_word' id='word_1_15' title='bbox 2066 433 2242 529; x_wconf 83' lang='lat' dir='ltr'>urbes</span> <span class='ocrx_word' id='word_1_16' title='bbox 2273 486 2418 546; x_wconf 86' lang='lat' dir='ltr'>quas</span> <span class='ocrx_word' id='word_1_17' title='bbox 2447 469 2628 532; x_wconf 81' lang='lat' dir='ltr'>habi-</span> 
     </span>
     <span class='ocr_line' id='line_1_3' title="bbox 399 556 2182 633; baseline -0.006 -13"><span class='ocrx_word' id='word_1_18' title='bbox 399 570 617 633; x_wconf 85' lang='lat' dir='ltr'>tarent,</span> <span class='ocrx_word' id='word_1_19' title='bbox 654 559 768 632; x_wconf 80' lang='lat' dir='ltr'>vel,</span> <span class='ocrx_word' id='word_1_20' title='bbox 810 568 879 617; x_wconf 91' lang='lat' dir='ltr'>ut</span> <span class='ocrx_word' id='word_1_21' title='bbox 910 560 1018 624; x_wconf 86' lang='lat' dir='ltr'>alii,</span> <span class='ocrx_word' id='word_1_22' title='bbox 1043 558 1271 629; x_wconf 82' lang='lat' dir='ltr'>volunt,</span> <span class='ocrx_word' id='word_1_23' title='bbox 1309 558 1483 615; x_wconf 85' lang='lat' dir='ltr'>urbes</span> <span class='ocrx_word' id='word_1_24' title='bbox 1512 556 2058 632; x_wconf 78' lang='lat' dir='ltr'>populosissimas..</span> <span class='ocrx_word' id='word_1_25' title='bbox 2177 577 2182 592; x_wconf 80' lang='lat'><strong><em>¹</em></strong></span> 
     </span>
    </p>
   </div>
   <div class='ocr_carea' id='block_1_3' title="bbox 384 663 2624 1508">
    <p class='ocr_par' dir='ltr' id='par_1_3' title="bbox 384 663 2624 1508">
     <span class='ocr_line' id='line_1_4' title="bbox 574 663 2623 752; baseline -0.002 -26"><span class='ocrx_word' id='word_1_26' title='bbox 574 672 679 730; x_wconf 85' lang='lat'><strong>37.</strong></span> <span class='ocrx_word' id='word_1_27' title='bbox 758 663 1013 724; x_wconf 82' lang='lat' dir='ltr'>Verbum</span> <span class='ocrx_word' id='word_1_28' title='bbox 1055 670 1176 739; x_wconf 60' lang='lat' dir='ltr'>ain?</span> <span class='ocrx_word' id='word_1_29' title='bbox 1167 677 1254 752; x_wconf 55' lang='grc' dir='ltr'>’Ἶ-</span> <span class='ocrx_word' id='word_1_30' title='bbox 1291 665 1474 741; x_wconf 84' lang='lat' dir='ltr'>aliqui</span> <span class='ocrx_word' id='word_1_31' title='bbox 1511 663 1775 721; x_wconf 86' lang='lat' dir='ltr'>referunt</span> <span class='ocrx_word' id='word_1_32' title='bbox 1807 664 1880 723; x_wconf 86' lang='lat' dir='ltr'>ad</span> <span class='ocrx_word' id='word_1_33' title='bbox 1912 682 2098 723; x_wconf 80' lang='lat' dir='ltr'>novos</span> <span class='ocrx_word' id='word_1_34' title='bbox 2130 673 2323 721; x_wconf 78' lang='lat' dir='ltr'>terrae</span> <span class='ocrx_word' id='word_1_35' title='bbox 2353 666 2623 740; x_wconf 86' lang='lat' dir='ltr'>colonos,</span> 
     </span>
     <span class='ocr_line' id='line_1_5' title="bbox 403 745 2622 848; baseline -0.001 -37"><span class='ocrx_word' id='word_1_36' title='bbox 403 754 473 814; x_wconf 84' lang='lat' dir='ltr'>de</span> <span class='ocrx_word' id='word_1_37' title='bbox 515 754 726 848; x_wconf 88' lang='lat' dir='ltr'>quibus</span> <span class='ocrx_word' id='word_1_38' title='bbox 767 751 867 809; x_wconf 90' lang='lat' dir='ltr'>Vs.</span> <span class='ocrx_word' id='word_1_39' title='bbox 898 753 998 810; x_wconf 87' lang='grc'>36.</span> <span class='ocrx_word' id='word_1_40' title='bbox 986 790 1037 824; x_wconf 89' lang='lat'>.,</span> <span class='ocrx_word' id='word_1_41' title='bbox 1095 753 1198 827; x_wconf 86' lang='lat' dir='ltr'>qui</span> <span class='ocrx_word' id='word_1_42' title='bbox 1237 756 1662 827; x_wconf 82' lang='lat' dir='ltr'>compararent</span> <span class='ocrx_word' id='word_1_43' title='bbox 1705 745 1765 807; x_wconf 85' lang='lat' dir='ltr'>et</span> <span class='ocrx_word' id='word_1_44' title='bbox 1805 750 2160 828; x_wconf 81' lang='lat' dir='ltr'>colligerent</span> <span class='ocrx_word' id='word_1_45' title='bbox 2204 757 2413 835; x_wconf 61' lang='lat' dir='ltr'>*man</span> <span class='ocrx_word' id='word_1_46' title='bbox 2460 760 2578 835; x_wconf 44' lang='lat'>7523</span> <span class='ocrx_word' id='word_1_47' title='bbox 2602 792 2622 824; x_wconf 88' lang='lat'>,</span> 
     </span>
     <span class='ocr_line' id='line_1_6' title="bbox 384 813 2624 916; baseline -0.004 -19"><span class='ocrx_word' id='word_1_48' title='bbox 384 831 673 915; x_wconf 60' lang='lat' dir='ltr'>fractam</span> <span class='ocrx_word' id='word_1_49' title='bbox 703 838 886 894; x_wconf 90' lang='lat' dir='ltr'>annui</span> <span class='ocrx_word' id='word_1_50' title='bbox 916 843 1254 916; x_wconf 82' lang='lat' dir='ltr'>proventus</span> <span class='ocrx_word' id='word_1_51' title='bbox 1291 829 1449 913; x_wconf 84' lang='lat' dir='ltr'>(Lev.</span> <span class='ocrx_word' id='word_1_52' title='bbox 1470 833 1574 906; x_wconf 84' lang='lat'>25,</span> <span class='ocrx_word' id='word_1_53' title='bbox 1601 834 1701 890; x_wconf 86' lang='lat'><strong>20.</strong></span> <span class='ocrx_word' id='word_1_54' title='bbox 1722 836 1824 893; x_wconf 88' lang='lat'><strong>22.</strong></span> <span class='ocrx_word' id='word_1_55' title='bbox 1863 833 2039 891; x_wconf 89' lang='lat' dir='ltr'>Deut.</span> <span class='ocrx_word' id='word_1_56' title='bbox 2057 835 2161 907; x_wconf 91' lang='lat'>22,</span> <span class='ocrx_word' id='word_1_57' title='bbox 2180 833 2240 903; x_wconf 92' lang='grc'>9.</span> <span class='ocrx_word' id='word_1_58' title='bbox 2245 815 2300 908; x_wconf 90' lang='lat'>),</span> <span class='ocrx_word' id='word_1_59' title='bbox 2329 813 2624 910; x_wconf 79' lang='lat' dir='ltr'>qu&#39;omodo</span> 
     </span>
     <span class='ocr_line' id='line_1_7' title="bbox 400 916 2624 1009; baseline -0.003 -26"><span class='ocrx_word' id='word_1_60' title='bbox 400 924 639 983; x_wconf 82' lang='lat' dir='ltr'>verbum</span> <span class='ocrx_word' id='word_1_61' title='bbox 671 926 818 1009; x_wconf 66' lang='lat' dir='ltr'>rtiyz’</span> <span class='ocrx_word' id='word_1_62' title='bbox 842 921 912 980; x_wconf 85' lang='lat' dir='ltr'>de</span> <span class='ocrx_word' id='word_1_63' title='bbox 941 939 1115 999; x_wconf 84' lang='lat' dir='ltr'>opum</span> <span class='ocrx_word' id='word_1_64' title='bbox 1144 919 1596 999; x_wconf 80' lang='lat' dir='ltr'>comparatione</span> <span class='ocrx_word' id='word_1_65' title='bbox 1625 918 1843 984; x_wconf 85' lang='lat' dir='ltr'>dicitur</span> <span class='ocrx_word' id='word_1_66' title='bbox 1871 919 2015 977; x_wconf 85' lang='lat' dir='ltr'>Gen.</span> <span class='ocrx_word' id='word_1_67' title='bbox 2036 919 2136 991; x_wconf 87' lang='lat'>12,</span> <span class='ocrx_word' id='word_1_68' title='bbox 2157 921 2211 977; x_wconf 88' lang='grc'><strong><em>5</em></strong></span> <span class='ocrx_word' id='word_1_69' title='bbox 2246 916 2501 992; x_wconf 89' lang='lat' dir='ltr'>Deut.8,</span> <span class='ocrx_word' id='word_1_70' title='bbox 2528 922 2624 978; x_wconf 86' lang='grc'>17.</span> 
     </span>
     <span class='ocr_line' id='line_1_8' title="bbox 404 988 2623 1100; baseline -0.002 -35"><span class='ocrx_word' id='word_1_71' title='bbox 404 1007 523 1067; x_wconf 81' lang='lat' dir='ltr'>Sed</span> <span class='ocrx_word' id='word_1_72' title='bbox 565 1016 682 1100; x_wconf 56' lang='lat'>7¹72</span> <span class='ocrx_word' id='word_1_73' title='bbox 730 988 901 1066; x_wconf 61' lang='grc' dir='ltr'>ἷήἰυν</span> <span class='ocrx_word' id='word_1_74' title='bbox 937 1023 1123 1080; x_wconf 87' lang='lat' dir='ltr'>quum</span> <span class='ocrx_word' id='word_1_75' title='bbox 1155 1022 1277 1061; x_wconf 90' lang='lat' dir='ltr'>non</span> <span class='ocrx_word' id='word_1_76' title='bbox 1317 1001 1572 1059; x_wconf 79' lang='lat' dir='ltr'>homines</span> <span class='ocrx_word' id='word_1_77' title='bbox 1611 1004 1905 1075; x_wconf 86' lang='lat' dir='ltr'>dicantur,</span> <span class='ocrx_word' id='word_1_78' title='bbox 1948 1022 2150 1061; x_wconf 80' lang='lat' dir='ltr'>verum</span> <span class='ocrx_word' id='word_1_79' title='bbox 2190 1002 2352 1077; x_wconf 82' lang='lat' dir='ltr'>agri,</span> <span class='ocrx_word' id='word_1_80' title='bbox 2390 1005 2623 1078; x_wconf 84' lang='lat' dir='ltr'>vineae,</span> 
     </span>
     <span class='ocr_line' id='line_1_9' title="bbox 399 1069 2620 1166; baseline -0.001 -16"><span class='ocrx_word' id='word_1_81' title='bbox 399 1072 682 1165; x_wconf 73' lang='lat' dir='ltr'>arbores,</span> <span class='ocrx_word' id='word_1_82' title='bbox 728 1069 1026 1148; x_wconf 54' lang='lat' dir='ltr'>vid.‘Gen.</span> <span class='ocrx_word' id='word_1_83' title='bbox 1062 1090 1249 1161; x_wconf 86' lang='lat'><strong>1,11.</strong></span> <span class='ocrx_word' id='word_1_84' title='bbox 1284 1089 1380 1144; x_wconf 88' lang='lat'>12.</span> <span class='ocrx_word' id='word_1_85' title='bbox 1425 1085 1625 1166; x_wconf 78' lang='lat' dir='ltr'>2Reg.</span> <span class='ocrx_word' id='word_1_86' title='bbox 1660 1088 1889 1162; x_wconf 83' lang='lat' dir='ltr'>19,3o.</span> <span class='ocrx_word' id='word_1_87' title='bbox 1925 1086 2321 1159; x_wconf 79' lang='lat' dir='ltr'><strong>Hab.3‚17.,</strong></span> <span class='ocrx_word' id='word_1_88' title='bbox 2376 1087 2620 1148; x_wconf 82' lang='lat' dir='ltr'>verbum</span> 
     </span>
     <span class='ocr_line' id='line_1_10' title="bbox 402 1130 2620 1259; baseline -0.001 -25"><span class='ocrx_word' id='word_1_89' title='bbox 402 1175 553 1234; x_wconf 88' lang='lat' dir='ltr'>illud</span> <span class='ocrx_word' id='word_1_90' title='bbox 595 1173 654 1232; x_wconf 86' lang='lat' dir='ltr'><strong>h.</strong></span> <span class='ocrx_word' id='word_1_91' title='bbox 697 1173 736 1230; x_wconf 86' lang='lat'><strong>1.</strong></span> <span class='ocrx_word' id='word_1_92' title='bbox 781 1175 999 1232; x_wconf 84' lang='lat' dir='ltr'>rectius</span> <span class='ocrx_word' id='word_1_93' title='bbox 1048 1130 1122 1230; x_wconf 84' lang='lat' dir='ltr'>ad</span> <span class='ocrx_word' id='word_1_94' title='bbox 1166 1171 1512 1250; x_wconf 84' lang='lat' dir='ltr'>praecedens</span> <span class='ocrx_word' id='word_1_95' title='bbox 1559 1179 1767 1259; x_wconf 53' lang='grc' dir='ltr'>ωλι-Ρ</span> <span class='ocrx_word' id='word_1_96' title='bbox 1811 1170 2097 1244; x_wconf 88' lang='lat' dir='ltr'>trahitur,</span> <span class='ocrx_word' id='word_1_97' title='bbox 2167 1181 2234 1230; x_wconf 91' lang='lat' dir='ltr'>ut</span> <span class='ocrx_word' id='word_1_98' title='bbox 2280 1189 2484 1230; x_wconf 85' lang='lat' dir='ltr'>sensus</span> <span class='ocrx_word' id='word_1_99' title='bbox 2537 1175 2620 1231; x_wconf 87' lang='lat' dir='ltr'>sit</span> 
     </span>
     <span class='ocr_line' id='line_1_11' title="bbox 396 1239 2621 1359; baseline -0 -42"><span class='ocrx_word' id='word_1_100' title='bbox 396 1262 569 1319; x_wconf 83' lang='lat' dir='ltr'>talis.</span> <span class='ocrx_word' id='word_1_101' title='bbox 604 1258 976 1338; x_wconf 80' lang='lat' dir='ltr'><strong><em>plantarunt</em></strong></span> <span class='ocrx_word' id='word_1_102' title='bbox 1003 1259 1230 1359; x_wconf 82' lang='lat' dir='ltr'>vineas,</span> <span class='ocrx_word' id='word_1_103' title='bbox 1268 1272 1419 1334; x_wconf 81' lang='lat' dir='ltr'>quae</span> <span class='ocrx_word' id='word_1_104' title='bbox 1451 1239 1770 1314; x_wconf 76' lang='lat' dir='ltr'>redderent</span> <span class='ocrx_word' id='word_1_105' title='bbox 1786 1255 2071 1329; x_wconf 79' lang='lat' dir='ltr'>fractam</span> <span class='ocrx_word' id='word_1_106' title='bbox 2102 1265 2452 1333; x_wconf 82' lang='lat' dir='ltr'>proventus.</span> <span class='ocrx_word' id='word_1_107' title='bbox 2517 1257 2621 1317; x_wconf 85' lang='lat' dir='ltr'>Sic</span> 
     </span>
     <span class='ocr_line' id='line_1_12' title="bbox 400 1341 2619 1417; baseline -0 -15"><span class='ocrx_word' id='word_1_108' title='bbox 400 1344 616 1403; x_wconf 88' lang='lat' dir='ltr'>2Sam.</span> <span class='ocrx_word' id='word_1_109' title='bbox 652 1346 752 1417; x_wconf 90' lang='lat' dir='ltr'>ll,</span> <span class='ocrx_word' id='word_1_110' title='bbox 785 1345 882 1401; x_wconf 85' lang='lat'><strong>13.</strong></span> <span class='ocrx_word' id='word_1_111' title='bbox 925 1362 1103 1400; x_wconf 90' lang='lat' dir='ltr'>unam</span> <span class='ocrx_word' id='word_1_112' title='bbox 1138 1345 1202 1400; x_wconf 91' lang='lat' dir='ltr'>in</span> <span class='ocrx_word' id='word_1_113' title='bbox 1244 1342 1453 1399; x_wconf 86' lang='lat' dir='ltr'>seriem</span> <span class='ocrx_word' id='word_1_114' title='bbox 1494 1350 1921 1400; x_wconf 85' lang='lat' dir='ltr'>connectuntur</span> <span class='ocrx_word' id='word_1_115' title='bbox 1955 1341 2131 1400; x_wconf 82' lang='lat' dir='ltr'>verba</span> <span class='ocrx_word' id='word_1_116' title='bbox 2161 1343 2331 1417; x_wconf 86' lang='lat' dir='ltr'>plura</span> <span class='ocrx_word' id='word_1_117' title='bbox 2365 1342 2619 1415; x_wconf 79' lang='lat' dir='ltr'>ejusdem</span> 
     </span>
     <span class='ocr_line' id='line_1_13' title="bbox 398 1423 2619 1508; baseline -0 -21"><span class='ocrx_word' id='word_1_118' title='bbox 398 1445 701 1504; x_wconf 78' lang='lat' dir='ltr'>personae,</span> <span class='ocrx_word' id='word_1_119' title='bbox 743 1430 977 1508; x_wconf 82' lang='lat' dir='ltr'>generis</span> <span class='ocrx_word' id='word_1_120' title='bbox 1007 1437 1066 1487; x_wconf 89' lang='lat' dir='ltr'>et</span> <span class='ocrx_word' id='word_1_121' title='bbox 1094 1428 1344 1499; x_wconf 80' lang='lat' dir='ltr'>numeri,</span> <span class='ocrx_word' id='word_1_122' title='bbox 1386 1443 1532 1502; x_wconf 87' lang='lat' dir='ltr'>quae</span> <span class='ocrx_word' id='word_1_123' title='bbox 1560 1435 1752 1483; x_wconf 83' lang='lat' dir='ltr'>tamen</span> <span class='ocrx_word' id='word_1_124' title='bbox 1778 1423 2080 1485; x_wconf 86' lang='lat' dir='ltr'>referenda</span> <span class='ocrx_word' id='word_1_125' title='bbox 2108 1436 2248 1484; x_wconf 89' lang='lat' dir='ltr'>sunt</span> <span class='ocrx_word' id='word_1_126' title='bbox 2283 1424 2358 1482; x_wconf 86' lang='lat' dir='ltr'>ad</span> <span class='ocrx_word' id='word_1_127' title='bbox 2385 1428 2619 1486; x_wconf 83' lang='lat' dir='ltr'>diversa</span> 
     </span>
    </p>
   </div>
   <div class='ocr_carea' id='block_1_4' title="bbox 399 1510 1987 1588">
    <p class='ocr_par' dir='ltr' id='par_1_4' title="bbox 399 1510 1987 1588">
     <span class='ocr_line' id='line_1_14' title="bbox 399 1510 1987 1588; baseline -0.001 -17"><span class='ocrx_word' id='word_1_128' title='bbox 399 1514 677 1588; x_wconf 75' lang='lat' dir='ltr'>subjecta,</span> <span class='ocrx_word' id='word_1_129' title='bbox 716 1514 932 1586; x_wconf 87' lang='lat' dir='ltr'>partim</span> <span class='ocrx_word' id='word_1_130' title='bbox 960 1513 1036 1569; x_wconf 88' lang='lat' dir='ltr'>ad</span> <span class='ocrx_word' id='word_1_131' title='bbox 1067 1511 1373 1584; x_wconf 79' lang='lat' dir='ltr'>Davidem,</span> <span class='ocrx_word' id='word_1_132' title='bbox 1411 1511 1626 1587; x_wconf 84' lang='lat' dir='ltr'>partim</span> <span class='ocrx_word' id='word_1_133' title='bbox 1657 1510 1732 1568; x_wconf 85' lang='lat' dir='ltr'>ad</span> <span class='ocrx_word' id='word_1_134' title='bbox 1764 1510 1987 1569; x_wconf 88' lang='lat' dir='ltr'>Uriam.</span> 
     </span>
    </p>
   </div>
   <div class='ocr_carea' id='block_1_5' title="bbox 286 1616 2621 3138">
    <p class='ocr_par' dir='ltr' id='par_1_5' title="bbox 286 1616 2621 3138">
     <span class='ocr_line' id='line_1_15' title="bbox 568 1616 2621 1699; baseline 0 -20"><span class='ocrx_word' id='word_1_135' title='bbox 568 1622 671 1679; x_wconf 83' lang='lat'>39.</span> <span class='ocrx_word' id='word_1_136' title='bbox 758 1624 920 1690; x_wconf 81' lang='lat' dir='ltr'>Quae</span> <span class='ocrx_word' id='word_1_137' title='bbox 951 1619 1062 1677; x_wconf 87' lang='lat' dir='ltr'>hoc</span> <span class='ocrx_word' id='word_1_138' title='bbox 1094 1630 1154 1678; x_wconf 91' lang='lat' dir='ltr'>et</span> <span class='ocrx_word' id='word_1_139' title='bbox 1182 1618 1285 1677; x_wconf 84' lang='lat' dir='ltr'>Vs.</span> <span class='ocrx_word' id='word_1_140' title='bbox 1316 1637 1403 1696; x_wconf 89' lang='lat' dir='ltr'>sq.</span> <span class='ocrx_word' id='word_1_141' title='bbox 1445 1620 1753 1699; x_wconf 85' lang='lat' dir='ltr'>leguntur,</span> <span class='ocrx_word' id='word_1_142' title='bbox 1811 1619 1998 1696; x_wconf 77' lang='lat' dir='ltr'>aliqui</span> <span class='ocrx_word' id='word_1_143' title='bbox 2029 1619 2099 1677; x_wconf 90' lang='lat' dir='ltr'>de</span> <span class='ocrx_word' id='word_1_144' title='bbox 2130 1616 2394 1678; x_wconf 80' lang='lat' dir='ltr'>hostibus</span> <span class='ocrx_word' id='word_1_145' title='bbox 2431 1620 2621 1679; x_wconf 84' lang='lat' dir='ltr'>Israe-</span> 
     </span>
     <span class='ocr_line' id='line_1_16' title="bbox 399 1702 2616 1785; baseline -0.001 -19"><span class='ocrx_word' id='word_1_146' title='bbox 399 1709 665 1778; x_wconf 88' lang='lat' dir='ltr'>litarum,</span> <span class='ocrx_word' id='word_1_147' title='bbox 703 1724 826 1763; x_wconf 85' lang='lat' dir='ltr'>non</span> <span class='ocrx_word' id='word_1_148' title='bbox 857 1706 926 1763; x_wconf 90' lang='lat' dir='ltr'>de</span> <span class='ocrx_word' id='word_1_149' title='bbox 954 1705 1234 1763; x_wconf 77' lang='lat' dir='ltr'>Israelitis</span> <span class='ocrx_word' id='word_1_150' title='bbox 1269 1706 1412 1780; x_wconf 87' lang='lat' dir='ltr'>ipsis</span> <span class='ocrx_word' id='word_1_151' title='bbox 1440 1712 1724 1779; x_wconf 88' lang='lat' dir='ltr'>putarunt</span> <span class='ocrx_word' id='word_1_152' title='bbox 1752 1705 2111 1778; x_wconf 85' lang='lat' dir='ltr'>accipienda.</span> <span class='ocrx_word' id='word_1_153' title='bbox 2184 1704 2347 1778; x_wconf 84' lang='lat' dir='ltr'>„Sed</span> <span class='ocrx_word' id='word_1_154' title='bbox 2389 1702 2616 1785; x_wconf 86' lang='lat' dir='ltr'>(inquit</span> 
     </span>
     <span class='ocr_line' id='line_1_17' title="bbox 398 1787 2618 1869; baseline -0.002 -18"><span class='ocrx_word' id='word_1_155' title='bbox 398 1787 888 1869; x_wconf 72' lang='lat' dir='ltr'>Scmmnnnnus)</span> <span class='ocrx_word' id='word_1_156' title='bbox 933 1789 1047 1847; x_wconf 83' lang='lat' dir='ltr'>hoc</span> <span class='ocrx_word' id='word_1_157' title='bbox 1093 1797 1248 1847; x_wconf 87' lang='lat' dir='ltr'>certe</span> <span class='ocrx_word' id='word_1_158' title='bbox 1296 1789 1504 1868; x_wconf 82' lang='lat' dir='ltr'>negari</span> <span class='ocrx_word' id='word_1_159' title='bbox 1555 1789 1788 1863; x_wconf 90' lang='lat' dir='ltr'>nequit,</span> <span class='ocrx_word' id='word_1_160' title='bbox 1861 1789 1925 1845; x_wconf 90' lang='lat' dir='ltr'>in</span> <span class='ocrx_word' id='word_1_161' title='bbox 1971 1791 2234 1846; x_wconf 85' lang='lat' dir='ltr'>oratione</span> <span class='ocrx_word' id='word_1_162' title='bbox 2285 1791 2413 1866; x_wconf 82' lang='lat' dir='ltr'>ipsa</span> <span class='ocrx_word' id='word_1_163' title='bbox 2463 1791 2618 1848; x_wconf 86' lang='lat' dir='ltr'>nihil</span> 
     </span>
     <span class='ocr_line' id='line_1_18' title="bbox 398 1869 2618 1953; baseline -0 -20"><span class='ocrx_word' id='word_1_164' title='bbox 398 1893 640 1953; x_wconf 84' lang='lat' dir='ltr'>prorsus</span> <span class='ocrx_word' id='word_1_165' title='bbox 674 1893 831 1949; x_wconf 87' lang='lat' dir='ltr'>esse,</span> <span class='ocrx_word' id='word_1_166' title='bbox 871 1874 1025 1952; x_wconf 87' lang='lat' dir='ltr'>quod</span> <span class='ocrx_word' id='word_1_167' title='bbox 1063 1869 1338 1932; x_wconf 88' lang='lat' dir='ltr'>lectorem</span> <span class='ocrx_word' id='word_1_168' title='bbox 1368 1883 1633 1944; x_wconf 86' lang='lat' dir='ltr'>moneat,</span> <span class='ocrx_word' id='word_1_169' title='bbox 1677 1872 1747 1930; x_wconf 90' lang='lat' dir='ltr'>de</span> <span class='ocrx_word' id='word_1_170' title='bbox 1774 1875 1907 1931; x_wconf 88' lang='lat' dir='ltr'>aliis</span> <span class='ocrx_word' id='word_1_171' title='bbox 1937 1874 2123 1950; x_wconf 83' lang='lat' dir='ltr'>iisque</span> <span class='ocrx_word' id='word_1_172' title='bbox 2152 1876 2396 1931; x_wconf 81' lang='lat' dir='ltr'>diversis</span> <span class='ocrx_word' id='word_1_173' title='bbox 2423 1873 2618 1932; x_wconf 86' lang='lat' dir='ltr'>homi-</span> 
     </span>
     <span class='ocr_line' id='line_1_19' title="bbox 292 1955 2616 2037; baseline 0 -20"><span class='ocrx_word' id='word_1_174' title='bbox 292 1968 318 1987; x_wconf 83' lang='lat'><strong>·</strong></span> <span class='ocrx_word' id='word_1_175' title='bbox 400 1961 571 2017; x_wconf 85' lang='lat' dir='ltr'>nibus</span> <span class='ocrx_word' id='word_1_176' title='bbox 627 1977 785 2016; x_wconf 89' lang='lat' dir='ltr'>nunc</span> <span class='ocrx_word' id='word_1_177' title='bbox 838 1978 961 2018; x_wconf 89' lang='lat' dir='ltr'>esse</span> <span class='ocrx_word' id='word_1_178' title='bbox 1012 1959 1209 2017; x_wconf 89' lang='lat' dir='ltr'>subito</span> <span class='ocrx_word' id='word_1_179' title='bbox 1261 1955 1659 2037; x_wconf 84' lang='lat' dir='ltr'>cogitandum.</span> <span class='ocrx_word' id='word_1_180' title='bbox 1708 1959 1824 2034; x_wconf 20' lang='lat' dir='ltr'>,Et</span> <span class='ocrx_word' id='word_1_181' title='bbox 1870 1961 2065 2034; x_wconf 86' lang='lat' dir='ltr'>potius</span> <span class='ocrx_word' id='word_1_182' title='bbox 2115 1960 2304 2030; x_wconf 71' lang='lat' dir='ltr'>oratio</span> <span class='ocrx_word' id='word_1_183' title='bbox 2350 1960 2480 2032; x_wconf 85' lang='lat' dir='ltr'>ipsa</span> <span class='ocrx_word' id='word_1_184' title='bbox 2527 1962 2616 2017; x_wconf 85' lang='lat' dir='ltr'>sic</span> 
     </span>
     <span class='ocr_line' id='line_1_20' title="bbox 397 2043 2616 2121; baseline 0 -19"><span class='ocrx_word' id='word_1_185' title='bbox 397 2053 767 2120; x_wconf 82' lang='lat' dir='ltr'>comparata,</span> <span class='ocrx_word' id='word_1_186' title='bbox 831 2055 899 2102; x_wconf 86' lang='lat' dir='ltr'>ut</span> <span class='ocrx_word' id='word_1_187' title='bbox 940 2063 1060 2101; x_wconf 89' lang='lat' dir='ltr'>non</span> <span class='ocrx_word' id='word_1_188' title='bbox 1097 2045 1287 2116; x_wconf 90' lang='lat' dir='ltr'>possis</span> <span class='ocrx_word' id='word_1_189' title='bbox 1330 2061 1453 2099; x_wconf 89' lang='lat' dir='ltr'>uon</span> <span class='ocrx_word' id='word_1_190' title='bbox 1493 2043 1556 2101; x_wconf 86' lang='lat' dir='ltr'>in</span> <span class='ocrx_word' id='word_1_191' title='bbox 1596 2062 1724 2100; x_wconf 87' lang='lat' dir='ltr'>eam</span> <span class='ocrx_word' id='word_1_192' title='bbox 1764 2043 2111 2101; x_wconf 87' lang='lat' dir='ltr'>sententiam</span> <span class='ocrx_word' id='word_1_193' title='bbox 2152 2043 2394 2117; x_wconf 88' lang='lat' dir='ltr'>adduci,</span> <span class='ocrx_word' id='word_1_194' title='bbox 2455 2045 2616 2121; x_wconf 86' lang='lat' dir='ltr'>quod</span> 
     </span>
     <span class='ocr_line' id='line_1_21' title="bbox 400 2127 2617 2204; baseline -0 -18"><span class='ocrx_word' id='word_1_195' title='bbox 400 2130 473 2204; x_wconf 85' lang='lat' dir='ltr'>ad</span> <span class='ocrx_word' id='word_1_196' title='bbox 513 2128 740 2187; x_wconf 86' lang='lat' dir='ltr'>eosdem</span> <span class='ocrx_word' id='word_1_197' title='bbox 780 2129 1081 2187; x_wconf 84' lang='lat' dir='ltr'>referenda</span> <span class='ocrx_word' id='word_1_198' title='bbox 1113 2129 1235 2186; x_wconf 87' lang='lat' dir='ltr'>sint</span> <span class='ocrx_word' id='word_1_199' title='bbox 1268 2130 1480 2186; x_wconf 88' lang='lat' dir='ltr'>omnia.</span> <span class='ocrx_word' id='word_1_200' title='bbox 1563 2127 1688 2186; x_wconf 88' lang='lat' dir='ltr'>Nos</span> <span class='ocrx_word' id='word_1_201' title='bbox 1733 2136 2035 2204; x_wconf 85' lang='lat' dir='ltr'>putamus,</span> <span class='ocrx_word' id='word_1_202' title='bbox 2094 2129 2406 2203; x_wconf 86' lang='lat' dir='ltr'>praeterita</span> <span class='ocrx_word' id='word_1_203' title='bbox 2448 2127 2617 2202; x_wconf 88' lang='lat' dir='ltr'>haec,</span> 
     </span>
     <span class='ocr_line' id='line_1_22' title="bbox 398 2206 2617 2308; baseline -0.002 -33"><span class='ocrx_word' id='word_1_204' title='bbox 398 2208 602 2308; x_wconf 64' lang='grc' dir='ltr'>ῚΠὺέἾ</span> <span class='ocrx_word' id='word_1_205' title='bbox 631 2224 872 2305; x_wconf 60' lang='lat'>7057272</span> <span class='ocrx_word' id='word_1_206' title='bbox 895 2231 1000 2271; x_wconf 86' lang='lat' dir='ltr'>nec</span> <span class='ocrx_word' id='word_1_207' title='bbox 1029 2231 1148 2270; x_wconf 88' lang='lat' dir='ltr'>non</span> <span class='ocrx_word' id='word_1_208' title='bbox 1172 2211 1555 2285; x_wconf 86' lang='lat' dir='ltr'>Participium</span> <span class='ocrx_word' id='word_1_209' title='bbox 1584 2206 1729 2296; x_wconf 62' lang='grc' dir='ltr'>ἥῠὶύ</span> <span class='ocrx_word' id='word_1_210' title='bbox 1757 2211 1878 2304; x_wconf 76' lang='lat' dir='ltr'>(Vs.</span> <span class='ocrx_word' id='word_1_211' title='bbox 1905 2215 1987 2272; x_wconf 83' lang='lat'>40</span> <span class='ocrx_word' id='word_1_212' title='bbox 1991 2208 2053 2290; x_wconf 93' lang='lat'>.),</span> <span class='ocrx_word' id='word_1_213' title='bbox 2079 2211 2232 2289; x_wconf 86' lang='lat' dir='ltr'>quod</span> <span class='ocrx_word' id='word_1_214' title='bbox 2263 2212 2336 2269; x_wconf 98' lang='grc'>01)</span> <span class='ocrx_word' id='word_1_215' title='bbox 2369 2232 2617 2290; x_wconf 84' lang='lat' dir='ltr'>sequens</span> 
     </span>
     <span class='ocr_line' id='line_1_23' title="bbox 398 2279 2616 2390; baseline -0.001 -32"><span class='ocrx_word' id='word_1_216' title='bbox 398 2280 598 2390; x_wconf 64' lang='lat'>0:317&#39;72</span> <span class='ocrx_word' id='word_1_217' title='bbox 634 2279 888 2374; x_wconf 86' lang='lat' dir='ltr'>positum</span> <span class='ocrx_word' id='word_1_218' title='bbox 920 2316 1043 2355; x_wconf 87' lang='lat' dir='ltr'>esse</span> <span class='ocrx_word' id='word_1_219' title='bbox 1074 2297 1240 2356; x_wconf 87' lang='lat' dir='ltr'>debet</span> <span class='ocrx_word' id='word_1_220' title='bbox 1268 2316 1376 2374; x_wconf 90' lang='lat' dir='ltr'>pro</span> <span class='ocrx_word' id='word_1_221' title='bbox 1409 2298 1550 2386; x_wconf 64' lang='grc' dir='ltr'>ηενρ</span> <span class='ocrx_word' id='word_1_222' title='bbox 1586 2299 1680 2354; x_wconf 84' lang='lat' dir='ltr'>vel</span> <span class='ocrx_word' id='word_1_223' title='bbox 1723 2295 2000 2389; x_wconf 53' lang='lat'>35773527,</span> <span class='ocrx_word' id='word_1_224' title='bbox 2014 2297 2168 2353; x_wconf 84' lang='lat' dir='ltr'>dicta</span> <span class='ocrx_word' id='word_1_225' title='bbox 2203 2313 2326 2353; x_wconf 87' lang='lat' dir='ltr'>esse</span> <span class='ocrx_word' id='word_1_226' title='bbox 2360 2299 2423 2353; x_wconf 88' lang='lat' dir='ltr'>in</span> <span class='ocrx_word' id='word_1_227' title='bbox 2456 2300 2616 2355; x_wconf 86' lang='lat' dir='ltr'>rela-</span> 
     </span>
     <span class='ocr_line' id='line_1_24' title="bbox 332 2364 2615 2460; baseline -0 -20"><span class='ocrx_word' id='word_1_228' title='bbox 332 2407 343 2414; x_wconf 89' lang='lat'><strong>·</strong></span> <span class='ocrx_word' id='word_1_229' title='bbox 395 2364 559 2440; x_wconf 87' lang='lat' dir='ltr'>tione</span> <span class='ocrx_word' id='word_1_230' title='bbox 602 2381 676 2439; x_wconf 88' lang='lat' dir='ltr'>ad</span> <span class='ocrx_word' id='word_1_231' title='bbox 721 2401 813 2440; x_wconf 82' lang='lat' dir='ltr'>res</span> <span class='ocrx_word' id='word_1_232' title='bbox 858 2384 1200 2460; x_wconf 85' lang='lat' dir='ltr'>praeteritas</span> <span class='ocrx_word' id='word_1_233' title='bbox 1246 2393 1382 2440; x_wconf 89' lang='lat' dir='ltr'>ante</span> <span class='ocrx_word' id='word_1_234' title='bbox 1427 2379 1937 2455; x_wconf 70' lang='lat' dir='ltr'>commemoratas,</span> <span class='ocrx_word' id='word_1_235' title='bbox 2009 2381 2264 2458; x_wconf 82' lang='lat' dir='ltr'>adeoque</span> <span class='ocrx_word' id='word_1_236' title='bbox 2317 2380 2615 2440; x_wconf 87' lang='lat' dir='ltr'>reddenda</span> 
     </span>
     <span class='ocr_line' id='line_1_25' title="bbox 395 2465 2613 2547; baseline 0 -23"><span class='ocrx_word' id='word_1_237' title='bbox 395 2486 518 2526; x_wconf 89' lang='lat' dir='ltr'>esse</span> <span class='ocrx_word' id='word_1_238' title='bbox 553 2468 614 2525; x_wconf 88' lang='lat' dir='ltr'>in</span> <span class='ocrx_word' id='word_1_239' title='bbox 644 2465 1254 2545; x_wconf 84' lang='lat' dir='ltr'>Plusquamperfecto.</span> <span class='ocrx_word' id='word_1_240' title='bbox 1312 2487 1428 2544; x_wconf 87' lang='lat' dir='ltr'>quo</span> <span class='ocrx_word' id='word_1_241' title='bbox 1458 2466 1614 2525; x_wconf 83' lang='lat' dir='ltr'>facto</span> <span class='ocrx_word' id='word_1_242' title='bbox 1645 2468 1977 2544; x_wconf 76' lang='lat' dir='ltr'>planissime</span> <span class='ocrx_word' id='word_1_243' title='bbox 2006 2465 2385 2547; x_wconf 84' lang='lat' dir='ltr'>progreditur</span> <span class='ocrx_word' id='word_1_244' title='bbox 2417 2469 2613 2524; x_wconf 83' lang='lat' dir='ltr'>omnis</span> 
     </span>
     <span class='ocr_line' id='line_1_26' title="bbox 396 2551 2610 2629; baseline -0 -19"><span class='ocrx_word' id='word_1_245' title='bbox 396 2553 647 2629; x_wconf 17' lang='lat' dir='ltr'>oratio-A</span> <span class='ocrx_word' id='word_1_246' title='bbox 693 2551 961 2626; x_wconf 87' lang='lat' dir='ltr'>Etenim,</span> <span class='ocrx_word' id='word_1_247' title='bbox 1020 2571 1151 2611; x_wconf 88' lang='lat' dir='ltr'>cum</span> <span class='ocrx_word' id='word_1_248' title='bbox 1195 2553 1416 2611; x_wconf 87' lang='lat' dir='ltr'>diceret</span> <span class='ocrx_word' id='word_1_249' title='bbox 1458 2561 1661 2625; x_wconf 84' lang='lat' dir='ltr'>vates,</span> <span class='ocrx_word' id='word_1_250' title='bbox 1722 2560 1955 2612; x_wconf 86' lang='lat' dir='ltr'>auctum</span> <span class='ocrx_word' id='word_1_251' title='bbox 2006 2570 2163 2609; x_wconf 88' lang='lat' dir='ltr'>nunc</span> <span class='ocrx_word' id='word_1_252' title='bbox 2214 2552 2425 2609; x_wconf 87' lang='lat' dir='ltr'>iterum</span> <span class='ocrx_word' id='word_1_253' title='bbox 2482 2570 2610 2609; x_wconf 84' lang='lat' dir='ltr'>esse</span> 
     </span>
     <span class='ocr_line' id='line_1_27' title="bbox 398 2635 2611 2713; baseline -0 -19"><span class='ocrx_word' id='word_1_254' title='bbox 398 2638 600 2695; x_wconf 85' lang='lat' dir='ltr'>divino</span> <span class='ocrx_word' id='word_1_255' title='bbox 631 2635 909 2694; x_wconf 88' lang='lat' dir='ltr'>beneficio</span> <span class='ocrx_word' id='word_1_256' title='bbox 936 2639 1149 2695; x_wconf 87' lang='lat' dir='ltr'>civium</span> <span class='ocrx_word' id='word_1_257' title='bbox 1181 2656 1516 2710; x_wconf 87' lang='lat' dir='ltr'>numerum,</span> <span class='ocrx_word' id='word_1_258' title='bbox 1555 2635 1675 2695; x_wconf 87' lang='lat' dir='ltr'>fere</span> <span class='ocrx_word' id='word_1_259' title='bbox 1708 2655 1827 2695; x_wconf 88' lang='lat' dir='ltr'>non</span> <span class='ocrx_word' id='word_1_260' title='bbox 1862 2646 2093 2713; x_wconf 85' lang='lat' dir='ltr'>poterat</span> <span class='ocrx_word' id='word_1_261' title='bbox 2119 2655 2239 2693; x_wconf 88' lang='lat' dir='ltr'>non</span> <span class='ocrx_word' id='word_1_262' title='bbox 2265 2652 2611 2693; x_wconf 77' lang='lat' dir='ltr'>succurrere</span> 
     </span>
     <span class='ocr_line' id='line_1_28' title="bbox 286 2712 2610 2801; baseline 0 -21"><span class='ocrx_word' id='word_1_263' title='bbox 286 2712 295 2719; x_wconf 46' lang='lat'><em>⁴</em></span> <span class='ocrx_word' id='word_1_264' title='bbox 397 2722 674 2780; x_wconf 88' lang='lat' dir='ltr'>memoria</span> <span class='ocrx_word' id='word_1_265' title='bbox 718 2723 1003 2797; x_wconf 76' lang='lat' dir='ltr'>pristinae</span> <span class='ocrx_word' id='word_1_266' title='bbox 1051 2719 1454 2801; x_wconf 54' lang='lat' dir='ltr'>calamitatis,</span> <span class='ocrx_word' id='word_1_267' title='bbox 1503 2739 1618 2799; x_wconf 89' lang='lat' dir='ltr'>qua</span> <span class='ocrx_word' id='word_1_268' title='bbox 1668 2721 1889 2780; x_wconf 83' lang='lat' dir='ltr'>factum</span> <span class='ocrx_word' id='word_1_269' title='bbox 1941 2730 2102 2792; x_wconf 87' lang='lat' dir='ltr'>erat,</span> <span class='ocrx_word' id='word_1_270' title='bbox 2167 2730 2236 2778; x_wconf 93' lang='lat' dir='ltr'>ut</span> <span class='ocrx_word' id='word_1_271' title='bbox 2276 2721 2349 2778; x_wconf 85' lang='lat' dir='ltr'>ad</span> <span class='ocrx_word' id='word_1_272' title='bbox 2395 2722 2610 2780; x_wconf 86' lang='lat' dir='ltr'>exilem</span> 
     </span>
     <span class='ocr_line' id='line_1_29' title="bbox 396 2804 2608 2886; baseline 0 -25"><span class='ocrx_word' id='word_1_273' title='bbox 396 2824 698 2873; x_wconf 82' lang='lat' dir='ltr'>numerum</span> <span class='ocrx_word' id='word_1_274' title='bbox 735 2806 1099 2885; x_wconf 83' lang='lat' dir='ltr'>redigeretur</span> <span class='ocrx_word' id='word_1_275' title='bbox 1135 2806 1447 2883; x_wconf 82' lang='lat' dir='ltr'>populus.“</span> <span class='ocrx_word' id='word_1_276' title='bbox 1532 2805 2021 2865; x_wconf 81' lang='lat' dir='ltr'>Transferendum</span> <span class='ocrx_word' id='word_1_277' title='bbox 2051 2808 2288 2886; x_wconf 69' lang='lat' dir='ltr'>igitur:</span> <span class='ocrx_word' id='word_1_278' title='bbox 2323 2804 2407 2863; x_wconf 85' lang='lat' dir='ltr'>ad</span> <span class='ocrx_word' id='word_1_279' title='bbox 2434 2823 2608 2883; x_wconf 81' lang='lat' dir='ltr'>pau-</span> 
     </span>
     <span class='ocr_line' id='line_1_30' title="bbox 391 2889 2612 2969; baseline 0.001 -23"><span class='ocrx_word' id='word_1_280' title='bbox 391 2890 637 2947; x_wconf 79' lang='lat' dir='ltr'>citatem</span> <span class='ocrx_word' id='word_1_281' title='bbox 690 2889 931 2948; x_wconf 84' lang='lat' dir='ltr'>redacti</span> <span class='ocrx_word' id='word_1_282' title='bbox 962 2890 1234 2963; x_wconf 82' lang='lat' dir='ltr'>fuerant</span> <span class='ocrx_word' id='word_1_283' title='bbox 1280 2899 1341 2947; x_wconf 81' lang='lat' dir='ltr'>et</span> <span class='ocrx_word' id='word_1_284' title='bbox 1397 2889 1708 2969; x_wconf 81' lang='lat' dir='ltr'>depressi,</span> <span class='ocrx_word' id='word_1_285' title='bbox 1773 2891 1848 2949; x_wconf 86' lang='lat' dir='ltr'>ab</span> <span class='ocrx_word' id='word_1_286' title='bbox 1905 2891 2294 2969; x_wconf 74' lang='lat' dir='ltr'>oppressione</span> <span class='ocrx_word' id='word_1_287' title='bbox 2349 2889 2491 2947; x_wconf 85' lang='lat' dir='ltr'>mali</span> <span class='ocrx_word' id='word_1_288' title='bbox 2545 2899 2612 2948; x_wconf 76' lang='lat' dir='ltr'>et</span> 
     </span>
     <span class='ocr_line' id='line_1_31' title="bbox 295 2973 2610 3052; baseline 0 -20"><span class='ocrx_word' id='word_1_289' title='bbox 295 2979 305 2986; x_wconf 90' lang='lat'>&#39;</span> <span class='ocrx_word' id='word_1_290' title='bbox 390 2973 705 3046; x_wconf 86' lang='lat' dir='ltr'>moeroris,</span> <span class='ocrx_word' id='word_1_291' title='bbox 747 2976 787 3031; x_wconf 89' lang='lat' dir='ltr'>i.</span> <span class='ocrx_word' id='word_1_292' title='bbox 817 2991 865 3031; x_wconf 95' lang='lat' dir='ltr'>e.</span> <span class='ocrx_word' id='word_1_293' title='bbox 894 2976 1320 3033; x_wconf 77' lang='lat' dir='ltr'>calamitatibus</span> <span class='ocrx_word' id='word_1_294' title='bbox 1346 2984 1407 3033; x_wconf 92' lang='lat' dir='ltr'>et</span> <span class='ocrx_word' id='word_1_295' title='bbox 1431 2994 1695 3034; x_wconf 87' lang='lat' dir='ltr'>moerore</span> <span class='ocrx_word' id='word_1_296' title='bbox 1728 2977 2004 3052; x_wconf 87' lang='lat' dir='ltr'>oppressi.</span> <span class='ocrx_word' id='word_1_297' title='bbox 2069 2976 2191 3034; x_wconf 89' lang='lat' dir='ltr'>Alii</span> <span class='ocrx_word' id='word_1_298' title='bbox 2220 2993 2322 3051; x_wconf 89' lang='lat' dir='ltr'>per</span> <span class='ocrx_word' id='word_1_299' title='bbox 2352 2974 2610 3052; x_wconf 62' lang='lat' dir='ltr'>asynde-,-</span> 
     </span>
     <span class='ocr_line' id='line_1_32' title="bbox 390 3057 1799 3138; baseline -0.001 -20"><span class='ocrx_word' id='word_1_300' title='bbox 390 3070 515 3132; x_wconf 83' lang='lat' dir='ltr'>ton,</span> <span class='ocrx_word' id='word_1_301' title='bbox 560 3057 632 3114; x_wconf 82' lang='lat' dir='ltr'>ab</span> <span class='ocrx_word' id='word_1_302' title='bbox 675 3060 1077 3138; x_wconf 69' lang='lat' dir='ltr'>oppressione,</span> <span class='ocrx_word' id='word_1_303' title='bbox 1117 3067 1182 3116; x_wconf 78' lang='lat' dir='ltr'>et</span> <span class='ocrx_word' id='word_1_304' title='bbox 1220 3059 1369 3116; x_wconf 83' lang='lat' dir='ltr'>malo</span> <span class='ocrx_word' id='word_1_305' title='bbox 1412 3068 1475 3117; x_wconf 81' lang='lat' dir='ltr'>ee</span> <span class='ocrx_word' id='word_1_306' title='bbox 1514 3079 1799 3120; x_wconf 85' lang='lat' dir='ltr'>moerore.</span> 
     </span>
    </p>
   </div>
   <div class='ocr_carea' id='block_1_6' title="bbox 366 3155 2606 4279">
    <p class='ocr_par' dir='ltr' id='par_1_6' title="bbox 366 3155 2606 4166">
     <span class='ocr_line' id='line_1_33' title="bbox 555 3155 2606 3253; baseline -0.002 -32"><span class='ocrx_word' id='word_1_307' title='bbox 555 3160 658 3217; x_wconf 87' lang='grc'>40</span> <span class='ocrx_word' id='word_1_308' title='bbox 745 3165 1012 3253; x_wconf 65' lang='lat'>07:3772·</span> <span class='ocrx_word' id='word_1_309' title='bbox 1029 3155 1108 3238; x_wconf 56' lang='grc' dir='ltr'>’ἒξ</span> <span class='ocrx_word' id='word_1_310' title='bbox 1171 3171 1270 3224; x_wconf 69' lang='grc' dir='ltr'>ἨΞ</span> <span class='ocrx_word' id='word_1_311' title='bbox 1327 3155 1474 3245; x_wconf 50' lang='lat'>*5²:325</span> <span class='ocrx_word' id='word_1_312' title='bbox 1515 3159 1842 3238; x_wconf 79' lang='lat' dir='ltr'>Effuderat</span> <span class='ocrx_word' id='word_1_313' title='bbox 1883 3158 2033 3237; x_wconf 82' lang='lat' dir='ltr'>(vid.</span> <span class='ocrx_word' id='word_1_314' title='bbox 2069 3168 2192 3217; x_wconf 90' lang='lat' dir='ltr'>not.</span> <span class='ocrx_word' id='word_1_315' title='bbox 2230 3156 2305 3217; x_wconf 89' lang='lat' dir='ltr'>ad</span> <span class='ocrx_word' id='word_1_316' title='bbox 2335 3157 2433 3217; x_wconf 86' lang='lat' dir='ltr'>Vs.</span> <span class='ocrx_word' id='word_1_317' title='bbox 2465 3155 2606 3236; x_wconf 85' lang='lat'><strong>39.)</strong></span> 
     </span>
     <span class='ocr_line' id='line_1_34' title="bbox 388 3228 2603 3324; baseline 0 -23"><span class='ocrx_word' id='word_1_318' title='bbox 388 3251 745 3315; x_wconf 68' lang='lat' dir='ltr'>contemtum</span> <span class='ocrx_word' id='word_1_319' title='bbox 784 3246 845 3300; x_wconf 89' lang='lat' dir='ltr'>in</span> <span class='ocrx_word' id='word_1_320' title='bbox 878 3228 1201 3321; x_wconf 77' lang='lat' dir='ltr'>principes</span> <span class='ocrx_word' id='word_1_321' title='bbox 1241 3241 1448 3324; x_wconf 84' lang='lat' dir='ltr'>(verba</span> <span class='ocrx_word' id='word_1_322' title='bbox 1485 3265 1561 3303; x_wconf 86' lang='lat' dir='ltr'>ex</span> <span class='ocrx_word' id='word_1_323' title='bbox 1601 3243 1733 3303; x_wconf 75' lang='lat' dir='ltr'><strong>soh.</strong></span> <span class='ocrx_word' id='word_1_324' title='bbox 1766 3248 1867 3318; x_wconf 92' lang='lat'>12,</span> <span class='ocrx_word' id='word_1_325' title='bbox 1897 3245 1997 3302; x_wconf 89' lang='lat'>21.</span> <span class='ocrx_word' id='word_1_326' title='bbox 2036 3239 2267 3324; x_wconf 86' lang='lat' dir='ltr'>petita).</span> <span class='ocrx_word' id='word_1_327' title='bbox 2351 3245 2603 3317; x_wconf 78' lang='lat' dir='ltr'>„Quum</span> 
     </span>
     <span class='ocr_line' id='line_1_35' title="bbox 386 3328 2603 3404; baseline -0.001 -18"><span class='ocrx_word' id='word_1_328' title='bbox 386 3329 572 3387; x_wconf 84' lang='lat' dir='ltr'>clades</span> <span class='ocrx_word' id='word_1_329' title='bbox 614 3329 716 3385; x_wconf 87' lang='lat' dir='ltr'>illa</span> <span class='ocrx_word' id='word_1_330' title='bbox 751 3346 873 3385; x_wconf 87' lang='lat' dir='ltr'>non</span> <span class='ocrx_word' id='word_1_331' title='bbox 913 3328 975 3383; x_wconf 92' lang='lat' dir='ltr'>in</span> <span class='ocrx_word' id='word_1_332' title='bbox 1013 3329 1172 3403; x_wconf 84' lang='lat' dir='ltr'>plebe</span> <span class='ocrx_word' id='word_1_333' title='bbox 1209 3332 1334 3387; x_wconf 88' lang='lat' dir='ltr'>sola</span> <span class='ocrx_word' id='word_1_334' title='bbox 1362 3348 1424 3386; x_wconf 87' lang='lat' dir='ltr'>se</span> <span class='ocrx_word' id='word_1_335' title='bbox 1457 3333 1812 3404; x_wconf 86' lang='lat' dir='ltr'>contineret,</span> <span class='ocrx_word' id='word_1_336' title='bbox 1841 3328 1959 3388; x_wconf 85' lang='lat' dir='ltr'>sed</span> <span class='ocrx_word' id='word_1_337' title='bbox 1989 3329 2268 3387; x_wconf 83' lang='lat' dir='ltr'>latissime</span> <span class='ocrx_word' id='word_1_338' title='bbox 2300 3329 2373 3387; x_wconf 84' lang='lat' dir='ltr'>ad</span> <span class='ocrx_word' id='word_1_339' title='bbox 2400 3338 2603 3387; x_wconf 83' lang='lat' dir='ltr'>omnes</span> 
     </span>
     <span class='ocr_line' id='line_1_36' title="bbox 386 3410 2600 3491; baseline 0 -21"><span class='ocrx_word' id='word_1_340' title='bbox 386 3414 641 3470; x_wconf 89' lang='lat' dir='ltr'>omnium</span> <span class='ocrx_word' id='word_1_341' title='bbox 674 3413 944 3470; x_wconf 86' lang='lat' dir='ltr'>ordinum</span> <span class='ocrx_word' id='word_1_342' title='bbox 976 3410 1237 3470; x_wconf 88' lang='lat' dir='ltr'>homines</span> <span class='ocrx_word' id='word_1_343' title='bbox 1268 3422 1507 3490; x_wconf 85' lang='lat' dir='ltr'>pateret,</span> <span class='ocrx_word' id='word_1_344' title='bbox 1547 3415 1742 3474; x_wconf 85' lang='lat' dir='ltr'>addit.</span> <span class='ocrx_word' id='word_1_345' title='bbox 1785 3434 1858 3473; x_wconf 86' lang='lat' dir='ltr'>ne</span> <span class='ocrx_word' id='word_1_346' title='bbox 1887 3413 2245 3491; x_wconf 87' lang='lat' dir='ltr'>principibus</span> <span class='ocrx_word' id='word_1_347' title='bbox 2272 3414 2415 3472; x_wconf 90' lang='lat' dir='ltr'>adeo</span> <span class='ocrx_word' id='word_1_348' title='bbox 2445 3414 2600 3471; x_wconf 82' lang='lat' dir='ltr'>viris</span> 
     </span>
     <span class='ocr_line' id='line_1_37' title="bbox 380 3495 2600 3575; baseline 0 -21"><span class='ocrx_word' id='word_1_349' title='bbox 380 3497 699 3575; x_wconf 83' lang='lat' dir='ltr'>pepercisse</span> <span class='ocrx_word' id='word_1_350' title='bbox 729 3495 951 3567; x_wconf 88' lang='lat' dir='ltr'>Deum,</span> <span class='ocrx_word' id='word_1_351' title='bbox 1006 3499 1148 3574; x_wconf 91' lang='lat' dir='ltr'>quin</span> <span class='ocrx_word' id='word_1_352' title='bbox 1188 3502 1524 3556; x_wconf 88' lang='lat' dir='ltr'>contemtim</span> <span class='ocrx_word' id='word_1_353' title='bbox 1564 3518 1664 3558; x_wconf 84' lang='lat' dir='ltr'>eos</span> <span class='ocrx_word' id='word_1_354' title='bbox 1703 3500 1775 3556; x_wconf 84' lang='lat' dir='ltr'>ab</span> <span class='ocrx_word' id='word_1_355' title='bbox 1810 3498 2079 3557; x_wconf 83' lang='lat' dir='ltr'>hostibus</span> <span class='ocrx_word' id='word_1_356' title='bbox 2110 3496 2312 3556; x_wconf 84' lang='lat' dir='ltr'>haberi</span> <span class='ocrx_word' id='word_1_357' title='bbox 2352 3498 2600 3573; x_wconf 82' lang='lat' dir='ltr'>permit-</span> 
     </span>
     <span class='ocr_line' id='line_1_38' title="bbox 377 3580 2601 3676; baseline -0.001 -36"><span class='ocrx_word' id='word_1_358' title='bbox 377 3592 548 3640; x_wconf 86' lang='lat' dir='ltr'>teret.</span> <span class='ocrx_word' id='word_1_359' title='bbox 554 3582 595 3614; x_wconf 75' lang='lat'>‘⁶</span> <span class='ocrx_word' id='word_1_360' title='bbox 645 3580 1043 3639; x_wconf 69' lang='lat' dir='ltr'>Sermonum.</span> <span class='ocrx_word' id='word_1_361' title='bbox 1131 3592 1324 3669; x_wconf 60' lang='grc' dir='ltr'>ῆῆπ·</span> <span class='ocrx_word' id='word_1_362' title='bbox 1314 3580 1427 3645; x_wconf 61' lang='lat' dir='ltr'>&amp;b</span> <span class='ocrx_word' id='word_1_363' title='bbox 1467 3590 1635 3663; x_wconf 66' lang='lat' dir='ltr'>ank-123</span> <span class='ocrx_word' id='word_1_364' title='bbox 1680 3589 1885 3676; x_wconf 61' lang='grc' dir='ltr'><strong>Ώξτπῖ)</strong></span> <span class='ocrx_word' id='word_1_365' title='bbox 1933 3581 2168 3660; x_wconf 82' lang='lat' dir='ltr'>Vagari</span> <span class='ocrx_word' id='word_1_366' title='bbox 2193 3580 2450 3654; x_wconf 82' lang='lat' dir='ltr'>fecerat</span> <span class='ocrx_word' id='word_1_367' title='bbox 2493 3598 2601 3638; x_wconf 85' lang='lat' dir='ltr'>eos</span> 
     </span>
     <span class='ocr_line' id='line_1_39' title="bbox 376 3644 2604 3738; baseline 0 -15"><span class='ocrx_word' id='word_1_368' title='bbox 376 3666 441 3725; x_wconf 90' lang='lat' dir='ltr'>in</span> <span class='ocrx_word' id='word_1_369' title='bbox 482 3644 783 3723; x_wconf 80' lang='lat' dir='ltr'>vastitate</span> <span class='ocrx_word' id='word_1_370' title='bbox 824 3666 926 3722; x_wconf 90' lang='lat' dir='ltr'>ubi</span> <span class='ocrx_word' id='word_1_371' title='bbox 963 3685 1077 3737; x_wconf 75' lang='lat' dir='ltr'>non</span> <span class='ocrx_word' id='word_1_372' title='bbox 1120 3677 1211 3723; x_wconf 92' lang='lat' dir='ltr'>est</span> <span class='ocrx_word' id='word_1_373' title='bbox 1249 3668 1387 3738; x_wconf 84' lang='lat' dir='ltr'>via,</span> <span class='ocrx_word' id='word_1_374' title='bbox 1448 3670 1486 3724; x_wconf 91' lang='lat' dir='ltr'>i.</span> <span class='ocrx_word' id='word_1_375' title='bbox 1529 3689 1577 3727; x_wconf 89' lang='lat' dir='ltr'>e.</span> <span class='ocrx_word' id='word_1_376' title='bbox 1615 3664 1689 3726; x_wconf 89' lang='lat' dir='ltr'>in</span> <span class='ocrx_word' id='word_1_377' title='bbox 1733 3684 1955 3727; x_wconf 87' lang='lat' dir='ltr'>summa</span> <span class='ocrx_word' id='word_1_378' title='bbox 2001 3669 2211 3725; x_wconf 87' lang='lat' dir='ltr'>mentis</span> <span class='ocrx_word' id='word_1_379' title='bbox 2260 3675 2321 3724; x_wconf 89' lang='lat' dir='ltr'>et</span> <span class='ocrx_word' id='word_1_380' title='bbox 2360 3666 2604 3724; x_wconf 82' lang='lat' dir='ltr'>consilii</span> 
     </span>
     <span class='ocr_line' id='line_1_40' title="bbox 375 3748 2604 3850; baseline -0.001 -41"><span class='ocrx_word' id='word_1_381' title='bbox 375 3752 607 3826; x_wconf 85' lang='lat' dir='ltr'>inopia,</span> <span class='ocrx_word' id='word_1_382' title='bbox 669 3768 815 3826; x_wconf 85' lang='lat' dir='ltr'>quae</span> <span class='ocrx_word' id='word_1_383' title='bbox 859 3750 985 3850; x_wconf 84' lang='lat' dir='ltr'>ipsa</span> <span class='ocrx_word' id='word_1_384' title='bbox 1023 3748 1199 3808; x_wconf 82' lang='lat' dir='ltr'>verba</span> <span class='ocrx_word' id='word_1_385' title='bbox 1237 3761 1295 3809; x_wconf 88' lang='lat' dir='ltr'>et</span> <span class='ocrx_word' id='word_1_386' title='bbox 1334 3751 1461 3810; x_wconf 84' lang='lat' dir='ltr'><strong>Job.</strong></span> <span class='ocrx_word' id='word_1_387' title='bbox 1497 3755 1592 3827; x_wconf 90' lang='lat'>12,</span> <span class='ocrx_word' id='word_1_388' title='bbox 1618 3755 1719 3811; x_wconf 86' lang='lat'><strong>24.</strong></span> <span class='ocrx_word' id='word_1_389' title='bbox 1806 3754 1967 3822; x_wconf 79' lang='lat' dir='ltr'>Quae</span> <span class='ocrx_word' id='word_1_390' title='bbox 1999 3751 2257 3811; x_wconf 83' lang='lat' dir='ltr'>formula</span> <span class='ocrx_word' id='word_1_391' title='bbox 2294 3749 2429 3807; x_wconf 86' lang='lat' dir='ltr'>inde</span> <span class='ocrx_word' id='word_1_392' title='bbox 2461 3762 2604 3807; x_wconf 71' lang='lat' dir='ltr'>orta</span> 
     </span>
     <span class='ocr_line' id='line_1_41' title="bbox 373 3833 2602 3913; baseline -0.001 -20"><span class='ocrx_word' id='word_1_393' title='bbox 373 3845 493 3908; x_wconf 89' lang='lat' dir='ltr'>est,</span> <span class='ocrx_word' id='word_1_394' title='bbox 536 3833 692 3913; x_wconf 88' lang='lat' dir='ltr'>quod</span> <span class='ocrx_word' id='word_1_395' title='bbox 724 3836 846 3891; x_wconf 84' lang='lat' dir='ltr'>sint</span> <span class='ocrx_word' id='word_1_396' title='bbox 880 3836 942 3891; x_wconf 90' lang='lat' dir='ltr'>in</span> <span class='ocrx_word' id='word_1_397' title='bbox 974 3834 1218 3892; x_wconf 88' lang='lat' dir='ltr'>Oriente</span> <span class='ocrx_word' id='word_1_398' title='bbox 1250 3837 1509 3909; x_wconf 85' lang='lat' dir='ltr'>deserta,</span> <span class='ocrx_word' id='word_1_399' title='bbox 1556 3848 1680 3895; x_wconf 80' lang='lat' dir='ltr'>tota</span> <span class='ocrx_word' id='word_1_400' title='bbox 1710 3837 1942 3896; x_wconf 89' lang='lat' dir='ltr'>obtecta</span> <span class='ocrx_word' id='word_1_401' title='bbox 1971 3838 2197 3906; x_wconf 87' lang='lat' dir='ltr'>arenis,</span> <span class='ocrx_word' id='word_1_402' title='bbox 2254 3843 2434 3893; x_wconf 82' lang='lat' dir='ltr'>vento</span> <span class='ocrx_word' id='word_1_403' title='bbox 2464 3852 2602 3891; x_wconf 88' lang='lat' dir='ltr'>mo-</span> 
     </span>
     <span class='ocr_line' id='line_1_42' title="bbox 370 3917 2598 3999; baseline -0 -22"><span class='ocrx_word' id='word_1_404' title='bbox 370 3920 617 3994; x_wconf 82' lang='lat' dir='ltr'>bilibus,</span> <span class='ocrx_word' id='word_1_405' title='bbox 682 3929 957 3996; x_wconf 83' lang='lat' dir='ltr'>aestuque</span> <span class='ocrx_word' id='word_1_406' title='bbox 1012 3919 1383 3993; x_wconf 87' lang='lat' dir='ltr'>ardentibus,</span> <span class='ocrx_word' id='word_1_407' title='bbox 1452 3923 1516 3979; x_wconf 91' lang='lat' dir='ltr'>in</span> <span class='ocrx_word' id='word_1_408' title='bbox 1559 3940 1705 3999; x_wconf 85' lang='lat' dir='ltr'>quae</span> <span class='ocrx_word' id='word_1_409' title='bbox 1750 3922 1852 3999; x_wconf 88' lang='lat' dir='ltr'>qui</span> <span class='ocrx_word' id='word_1_410' title='bbox 1899 3922 2139 3993; x_wconf 84' lang='lat' dir='ltr'>incidit,</span> <span class='ocrx_word' id='word_1_411' title='bbox 2206 3921 2329 3977; x_wconf 85' lang='lat' dir='ltr'>nisi</span> <span class='ocrx_word' id='word_1_412' title='bbox 2381 3917 2598 3976; x_wconf 79' lang='lat' dir='ltr'>habeat</span> 
     </span>
     <span class='ocr_line' id='line_1_43' title="bbox 370 4004 2600 4082; baseline -0 -21"><span class='ocrx_word' id='word_1_413' title='bbox 370 4005 599 4062; x_wconf 85' lang='lat' dir='ltr'>itineris</span> <span class='ocrx_word' id='word_1_414' title='bbox 635 4005 837 4061; x_wconf 85' lang='lat' dir='ltr'>ducem</span> <span class='ocrx_word' id='word_1_415' title='bbox 865 4008 1115 4082; x_wconf 86' lang='lat' dir='ltr'>gnarum</span> <span class='ocrx_word' id='word_1_416' title='bbox 1144 4013 1203 4061; x_wconf 87' lang='lat' dir='ltr'>et</span> <span class='ocrx_word' id='word_1_417' title='bbox 1232 4004 1375 4063; x_wconf 88' lang='lat' dir='ltr'>bene</span> <span class='ocrx_word' id='word_1_418' title='bbox 1398 4010 1825 4080; x_wconf 76' lang='lat' dir='ltr'>exercitatum,</span> <span class='ocrx_word' id='word_1_419' title='bbox 1869 4025 1991 4066; x_wconf 84' lang='lat' dir='ltr'>non</span> <span class='ocrx_word' id='word_1_420' title='bbox 2017 4014 2211 4082; x_wconf 85' lang='lat' dir='ltr'>potest</span> <span class='ocrx_word' id='word_1_421' title='bbox 2240 4022 2361 4061; x_wconf 87' lang='lat' dir='ltr'>non</span> <span class='ocrx_word' id='word_1_422' title='bbox 2385 4004 2600 4061; x_wconf 86' lang='lat' dir='ltr'>miser-</span> 
     </span>
     <span class='ocr_line' id='line_1_44' title="bbox 366 4091 2272 4166; baseline 0 -22"><span class='ocrx_word' id='word_1_423' title='bbox 366 4091 511 4146; x_wconf 87' lang='lat' dir='ltr'>rime</span> <span class='ocrx_word' id='word_1_424' title='bbox 552 4091 764 4166; x_wconf 84' lang='lat' dir='ltr'>perire.</span> <span class='ocrx_word' id='word_1_425' title='bbox 2267 4108 2272 4118; x_wconf 86' lang='lat'><em>·</em></span> 
     </span>
    </p>

    <p class='ocr_par' dir='ltr' id='par_1_7' title="bbox 530 4184 2597 4279">
     <span class='ocr_line' id='line_1_45' title="bbox 530 4184 2597 4279; baseline 0 -34"><span class='ocrx_word' id='word_1_426' title='bbox 530 4190 631 4245; x_wconf 86' lang='grc'>41.</span> <span class='ocrx_word' id='word_1_427' title='bbox 715 4184 983 4279; x_wconf 65' lang='lat' dir='ltr'>177r7my⁷q</span> <span class='ocrx_word' id='word_1_428' title='bbox 1027 4190 1203 4270; x_wconf 49' lang='lat' dir='ltr'>*imm—</span> <span class='ocrx_word' id='word_1_429' title='bbox 1244 4191 1407 4274; x_wconf 55' lang='lat' dir='ltr'>hipp</span> <span class='ocrx_word' id='word_1_430' title='bbox 1441 4186 1658 4249; x_wconf 79' lang='lat' dir='ltr'>Posuit</span> <span class='ocrx_word' id='word_1_431' title='bbox 1693 4189 1861 4250; x_wconf 79' lang='lat' dir='ltr'>Deus</span> <span class='ocrx_word' id='word_1_432' title='bbox 1904 4191 2070 4250; x_wconf 80' lang='lat' dir='ltr'>sicat</span> <span class='ocrx_word' id='word_1_433' title='bbox 2111 4207 2248 4247; x_wconf 80' lang='lat' dir='ltr'>oves</span> <span class='ocrx_word' id='word_1_434' title='bbox 2277 4188 2597 4262; x_wconf 71' lang='lat' dir='ltr'>familias,</span> 
     </span>
    </p>
   </div>
   <div class='ocr_carea' id='block_1_7' title="bbox 264 4253 2595 4448">
    <p class='ocr_par' dir='ltr' id='par_1_8' title="bbox 264 4253 2595 4448">
     <span class='ocr_line' id='line_1_46' title="bbox 361 4253 2595 4356; baseline 0 -27"><span class='ocrx_word' id='word_1_435' title='bbox 361 4275 402 4329; x_wconf 89' lang='lat' dir='ltr'>i.</span> <span class='ocrx_word' id='word_1_436' title='bbox 449 4292 496 4330; x_wconf 93' lang='lat' dir='ltr'>e.</span> <span class='ocrx_word' id='word_1_437' title='bbox 542 4272 732 4331; x_wconf 83' lang='lat' dir='ltr'>effecit</span> <span class='ocrx_word' id='word_1_438' title='bbox 770 4253 982 4341; x_wconf 68' lang='lat' dir='ltr'>Dein,</span> <span class='ocrx_word' id='word_1_439' title='bbox 1017 4282 1085 4328; x_wconf 88' lang='lat' dir='ltr'>ut</span> <span class='ocrx_word' id='word_1_440' title='bbox 1124 4291 1280 4331; x_wconf 87' lang='lat' dir='ltr'>nune</span> <span class='ocrx_word' id='word_1_441' title='bbox 1320 4276 1586 4353; x_wconf 83' lang='lat' dir='ltr'>singulae</span> <span class='ocrx_word' id='word_1_442' title='bbox 1633 4279 1810 4336; x_wconf 86' lang='lat' dir='ltr'>etiam</span> <span class='ocrx_word' id='word_1_443' title='bbox 1851 4276 2110 4335; x_wconf 83' lang='lat' dir='ltr'>familiae</span> <span class='ocrx_word' id='word_1_444' title='bbox 2154 4276 2355 4356; x_wconf 80' lang='lat' dir='ltr'>gregis</span> <span class='ocrx_word' id='word_1_445' title='bbox 2398 4275 2595 4331; x_wconf 84' lang='lat' dir='ltr'>instar</span> 
     </span>
     <span class='ocr_line' id='line_1_47' title="bbox 264 4354 1549 4448; baseline 0.004 -36"><span class='ocrx_word' id='word_1_446' title='bbox 264 4421 276 4433; x_wconf 22' lang='grc' dir='ltr'><strong><em>κ</em></strong></span> <span class='ocrx_word' id='word_1_447' title='bbox 359 4374 696 4448; x_wconf 54' lang='lat' dir='ltr'>numeroque</span> <span class='ocrx_word' id='word_1_448' title='bbox 723 4355 989 4415; x_wconf 85' lang='lat' dir='ltr'>evadant.</span> <span class='ocrx_word' id='word_1_449' title='bbox 1049 4354 1140 4414; x_wconf 85' lang='lat' dir='ltr'>cf.</span> <span class='ocrx_word' id='word_1_450' title='bbox 1170 4356 1275 4416; x_wconf 78' lang='lat' dir='ltr'><strong>Ez.</strong></span> <span class='ocrx_word' id='word_1_451' title='bbox 1310 4359 1415 4433; x_wconf 87' lang='lat'>36,</span> <span class='ocrx_word' id='word_1_452' title='bbox 1447 4359 1549 4419; x_wconf 87' lang='lat'><strong>38.</strong></span> 
     </span>
    </p>
   </div>
  </div>
 </body>
</html>
