2807 4913
1135 333 1144 341 -
1192 288 1317 353 P«.
1360 290 1483 376 29'.
1895 295 1902 302 ’
2308 280 2455 356 187

224 483 445 557 gerunt
488 490 685 530 curam
707 514 726 545 ,
782 487 882 528 eos
922 471 1173 542 ducunt,
1231 466 1433 542 alunt,
1486 467 1833 541 defendunt,
1887 469 2006 527 vid.
2043 468 2122 546 ad
2161 469 2267 540 23,
2304 474 2359 543 l.
2393 476 2453 532 2.

227 559 585 621 abien-w
639 562 846 634 Degia?
888 555 975 614 Et
1013 555 1230 612 extollo
1272 573 1383 612 coa.
1408 573 1593 631 usque
1637 556 1702 611 in
1744 547 2018 612 eubulum.
2099 554 2284 613 'Verlu
2322 563 2455 645 αἰαὶ

225 626 322 721 (de
356 627 472 720 quio
503 628 620 700 vid.
650 636 763 713 25‚·
790 623 872 719 11)
915 643 980 698 in
1020 639 1149 696 Piel
1189 650 1364 697 notat
1396 638 1744 713 o.1.·tollor0,·¹
1775 639 2030 714 aliquem
2066 644 2240 714 supra
2279 627 2452 715 alias,

224 730 667 785 eminentiorem
697 728 829 782 aliis
861 726 1119 801 aliquem
1137 723 1351 798 facere,
1379 725 1668 801 quomodo
1697 743 1752 780 v.
1785 722 2019 780 c..Jova
2044 727 2176 811 &ig-23
2204 728 2451 804 regnum

224 812 475 870 Davidis
519 812 734 870 2Sam.
768 808 827 882 5,
859 811 991 882 12,
1048 826 1157 865 nec
1195 828 1315 866 non
1353 810 1642 885 eosquos
1679 807 1792 864 sibi
1836 809 2079 864 redemit
2115 809 2227 865 Jes.
2255 812 2357 882 (23,
2388 813 2450 868 9.

228 901 426 965 Quare
457 896 570 954 hoc
606 899 736 953 loco
771 894 1139 975 significatur
1178 895 1310 950 talis
1340 878 1527 953 Jovae
1566 895 1723 949 circa
1762 894 2039 967 populum
2078 910 2249 949 suum
2288 914 2450 968 cura,

230 1001 345 1057 qua
374 983 619 1038 eundem
651 999 827 1056 supra
866 991 1108 1036 cunctos
1134 980 1371 1035 extollit
1407 977 1809 1048 adversarios,
1852 977 2231 1054 omnibusque
2263 980 2449 1037 bono-

228 1084 359 1123 rum
387 1068 700 1146 generibus
734 1065 923 1123 reddit
956 1081 1173 1121 summe
1204 1064 1529 1143 gloriosum
1560 1072 1623 1119 ct
1652 1062 2046 1137 conspicuum.

1198 1249 1245 1309 P
1263 1268 1318 1311 s.
1377 1253 1480 1309 29.

403 1363 672 1444 Hymnus
706 1376 815 1440 est,
852 1363 967 1445 quo
999 1369 1266 1442 majestas
1300 1368 1525 1446 gloriae
1553 1378 1612 1426 et
1637 1358 1931 1446 potentiae
1957 1364 2072 1426 Del
2104 1360 2464 1449 c'el‘ebratur,

232 1451 422 1531 qualis
454 1453 817 1527 potissimum
851 1472 973 1510 sese
1004 1454 1221 1511 exserit
1250 1457 1313 1510 in
1347 1456 1625 1512 tonitruis
1671 1462 1729 1511 et
1766 1452 2106 1509 fulminibus
2143 1463 2450 1528 tempesta·-

233 1547 361 1593 tum
403 1545 460 1593 et
501 1538 760 1596 cladibus
804 1537 1024 1594 harum.
1110 1536 1195 1594 Ac
1226 1540 1410 1615 primo
1441 1538 1707 1619 quidem,
1759 1546 1825 1593 ut
1861 1539 2049 1616 magis
2085 1539 2298 1594 excitet
2338 1535 2448 1611 ho-
2552 1532 2561 1555 '

229 1622 453 1693 mineS,
496 1631 563 1677 ut
593 1624 869 1679 virtutem
903 1622 1068 1680 illam
1104 1641 1172 1681 ac
1204 1624 1557 1697 majestatem
1593 1623 1804 1680 summi
1829 1621 2097 1678 Numinis
2126 1632 2449 1700 agnoscant

233 1714 294 1762 et
331 1716 735 1780 revereantur,
796 1726 1033 1783 superos
1073 1708 1288 1764 invitat
1328 1708 1401 1764 ad
1446 1707 1812 1785 celebrandas
1843 1707 2054 1778 Jovae,
2086 1706 2449 1785 coelestium·

231 1792 490 1846 maxime
535 1795 819 1863 potentis,
873 1792 1069 1849 laudes
1113 1788 1244 1871 (Vs,
1280 1794 1334 1850 l.
1368 1788 1479 1864 2.).
1562 1793 1659 1865 Ex
1704 1811 1771 1849 eo
1820 1793 2034 1849 transit
2079 1792 2152 1848 ad
2197 1792 2447 1865 tonitru,

234 1873 398 1950 quod
443 1875 742 1933 verborum
791 1877 933 1934 adeo
981 1897 1194 1957 magna
1244 1864 1598 1935 sublimitate
1648 1885 1707 1933 et
1750 1876 2186 1956 magnificentia
2224 1877 2447 1951 poetice

237 1958 552 2030 describit,
608 1969 675 2016 ut
710 1964 816 2019 vix
857 1962 1085 2038 quidem
1130 1965 1193 2019 in
1233 1965 1355 2031 ullo
1393 1962 1513 2019 alio
1544 1963 1829 2037 scriptore
1858 1960 2083 2018 Graeco
2113 1962 2206 2017 vel
2232 1960 2445 2018 Latino

240 2043 387 2098 talia
413 2045 767 2118 reperiantur
800 2044 919 2120 (Vs.
950 2048 1084 2103 3—
1103 2049 1202 2124 9.).
1256 2049 1341 2106 Ac
1372 2047 1623 2118 tandem,
1652 2047 1754 2103 ubi
1778 2045 2092 2122 diligenter
2123 2041 2447 2120 admonuit,

237 2128 566 2184 eluvionem
597 2148 875 2203 aquarum
909 2149 1029 2187 non
1062 2149 1185 2188 esse
1213 2131 1757 2207 pertimescendam,
1799 2131 1936 2204 quia
1962 2128 2129 2200 Jova,
2177 2131 2278 2204 qui
2305 2131 2448 2189 olim

233 2207 458 2268 diluvio
500 2214 783 2289 praefuit,
841 2218 942 2272 isti
983 2206 1266 2291 procellae
1303 2215 1696 2292 praesidebat,
1738 2223 1901 2271 vates
1944 2233 2048 2288 pro
2091 2232 2197 2269 sua
2237 2215 2450 2288 pietate

233 2312 469 2352 carmen
504 2317 571 2354 ea
603 2302 984 2373 promissione
1015 2301 1331 2373 concludit,
1368 2302 1582 2379 populo
1611 2300 1809 2379 Jovae,
1851 2299 1921 2355 ab
1954 2298 2138 2374 ipsius
2164 2296 2451 2372 bonitate,

237 2378 377 2436 bene
411 2399 534 2439 esse
566 2381 829 2441 futurum
868 2385 988 2459 (Vs.
1028 2387 1122 2442 10.
1162 2382 1304 2466 11.).
2375 2422 2381 2449 ›

405 2473 735 2554 „Tonanti
781 2483 909 2544 Deo
971 2482 1208 2564 (monet
1259 2485 1319 2545 J.'
1355 2484 1433 2544 D.
1483 2484 1867 2546 MlanELIS.
1895 2486 1958 2542 in
2016 2483 2318 2563 Epimetro
2375 2487 2452 2548 ad

239 2562 501 2624 Lowtlzii
531 2566 819 2627 Praelect.
849 2572 948 2627 26.
986 2570 1057 2629 do
1088 2590 1269 2630 sacra
1304 2573 1480 2650 poesi
1512 2569 1843 2629 Hebraeor.
1888 2589 1942 2645 p.
1974 2570 2114 2627 592.
2148 2571 2237 2627 ed.
2263 2570 2449 2652 Lips.)

234 2655 631 2725 septenarium
663 2673 964 2713 numerum
1005 2657 1189 2713 dicari
1220 2658 1681 2713 meminerimus:
1723 2654 1837 2711 huc
1868 2656 2021 2712 enim
2050 2665 2273 2731 spectat
2302 2659 2449 2728 artiff

233 2735 434 2792 ficium
477 2737 694 2795 Psalmi
737 2741 961 2817 septies
1002 2739 1150 2798 illud
1193 2751 1351 2802 πἾΠἾ
1406 2738 1554 2822 ΒἹῙ),
1611 2758 1731 2799 vox
1767 2731 1991 2810 Jovae,
2047 2758 2148 2796 seu
2192 2741 2450 2809 tonitru,

235 2824 576 2894 repetentis,
619 2832 685 2880 ut
712 2826 946 2901 mystici
983 2828 1160 2883 etiam
1190 2828 1420 2885 numeri
1452 2844 1562 2882 usu
1593 2841 1820 2883 omnem
1851 2825 2173 2882 tonitruum
2201 2826 2452 2901 gloriam
2483 2821 2488 2836 '

236 2914 635 2982 terroremque
667 2909 913 2986 principi
943 2910 1070 2968 Deo
1104 2922 1432 2984 consecret,
1473 2911 1574 2985 qui
1604 2920 1817 2986 septem
1847 2909 2047 2965 diebus
2079 2911 2299 2967 coelum
2331 2918 2452 2967 ter-

234 3008 481 3066 ramque
520 2992 817 3068 perficiens
856 2998 1158 3070 septimum
1186 2997 1299 3052 sibi
1330 2997 1478 3054 diem
1510 2993 1725 3052 festum
1754 3013 1876 3051 esse
1905 2996 2130 3053 statuit.
2182 2991 2451 3070 [Septem

239 3076 524 3137 tonitrua
559 3089 954 3138 memorantur
995 3090 1053 3138 et
1095 3081 1326 3155 Apocal.
1358 3083 1459 3152 10,
1496 3081 1551 3136 3.
1586 3077 1673 3156 4.]
1763 3077 1875 3137 Cui
1909 3091 2149 3135 numero
2187 3079 2305 3135 nisi
2342 3080 2453 3135 ali-

237 3159 384 3233 quid
426 3162 676 3219 dedisset
717 3172 911 3237 vates‚
971 3164 1187 3222 Versus
1226 3174 1505 3242 quartus,
1560 3184 1651 3224 me
1694 3164 1924 3241 quidem
1963 3163 2193 3237 judice,
2254 3161 2452 3220 abesse

232 3246 542 3319 potuisset.
560 3248 600 3280 ‘⁶

410 3345 501 3403 Ad
531 3348 762 3405 titulum
792 3349 1007 3412 Psalmi
1042 3350 1195 3426 quod
1222 3353 1471 3423 attinet,
1506 3354 1571 3409 in
1601 3347 1881 3426 Hebraeis
1912 3357 2138 3405 tantum
2169 3349 2455 3425 praescri-

236 3430 405 3491 bitur
442 3429 590 3504 hoc,
643 3434 797 3509 quod
831 3435 909 3490 sit
939 3434 1202 3492 Psalmus
1236 3435 1518 3507 Davidis3
1575 3434 1675 3493 sed
1712 3436 1775 3492 in
1809 3434 2034 3491 Graeca
2060 3432 2456 3491 Alexandrina

235 3517 510 3572 versione
551 3517 816 3591 additur,
874 3520 1026 3595 quod
1066 3522 1146 3577 sit
1190 3517 1454 3577 Psalmus
1499 3513 1740 3591 ἐξοδίου
1781 3516 2035 3599 σκηνῆς,
2091 3535 2237 3593 quae
2277 3518 2457 3574 verba

235 3596 531 3678 Vulgatus
573 3602 636 3658 in
676 3605 1171 3660 consummatione
1211 3603 1584 3669 tabernaculi
1626 3603 1900 3661 reddidit.
1986 3603 2458 3660 Animadvertere

238 3694 434 3740 autem
468 3684 638 3759 licet,
683 3705 920 3765 graecas
951 3688 1312 3748 Psalmorum
1344 3690 1753 3765 inscriptiones
1770 3728 1797 3759 „
1832 3688 2065 3744 etiamsi
2095 3686 2165 3743 ab
2193 3685 2456 3742 hebraeis

235 3769 553 3845 pleraeque
590 3772 903 3845 recedunt,
955 3790 1074 3831 non
1113 3790 1353 3850 prorsus
1397 3783 1595 3831 tamen
1634 3772 2022 3847 explodendas
2064 3767 2219 3840 esse,
2277 3787 2457 3845 quum

237 3855 613 3929 antiquitatis
644 3858 822 3913 ritum
849 3857 1191 3932 redoleant,
1243 3867 1302 3914 et
1343 3860 1552 3933 quibus
1595 3859 1949 3934 temporibus
1986 3856 2279 3913 decantati
2309 3855 2459 3911 ‘olim
2555 3879 2559 3902 ι

162 3985 167 3994 ,
236 3937 463 3993 fuerint
491 3938 731 4011 Psalmi,
766 3942 1103 4018 plerumque
1132 3944 1361 4000 soleant
1389 3953 1687 4000 annotare.
1758 3941 1929 4010 Quod
1958 3942 2147 4017 ipsum
2177 3948 2238 3994 et
2269 3938 2460 3995 nostri

239 4024 520 4079 carminis
555 4041 797 4102 graecus
826 4028 1031 4083 titulus
1058 4036 1296 4103 spectat.
1346 4027 1711 4085 Vocabulum
1744 4020 1981 4099 ἐξόδιον
2008 4019 2247 4081 Judaeis
2275 4021 2461 4080 Grae·

240 4108 325 4162 cis
356 4107 774 4165 Alexandrinis
805 4121 929 4180 erat
960 4113 1195 4169 solenne
1229 4111 1304 4168 ad
1343 4112 1761 4190 designandum
1804 4119 2077 4167 octavum
2109 4106 2276 4163 diem»
2291 4105 2463 4179 festi

241 4188 797 4266 tabernaculorum,
854 4197 1140 4271 quomodo
1183 4205 1379 4276 aperte
1419 4206 1737 4273 usurpatur
1772 4195 1909 4255 Lev.
1944 4195 2048 4263 23,
2081 4194 2184 4249 36.
2270 4192 2464 4260 Qllffi'ss

235 4274 354 4331 hoc
393 4279 526 4333 vult
560 4277 674 4335 sibi
708 4295 939 4358 graeca·
965 4279 1306 4357 inscriptio,
1354 4290 1754 4339 consummato
1782 4279 1933 4337 festo
1961 4278 2463 4337 tabernaculorum

242 4360 566 4420 decantari·
590 4360 703 4420 hoc
745 4381 977 4428 cannen
998 4368 1255 4430 solitum
1287 4364 1497 4427 minse.
