2807 4913
813 278 936 343 Pa.
982 273 1098 357 42,
1165 257 1525 354 noss—-14„
1588 280 1709 344 Ps.
1758 274 1870 343 42.
2301 275 2456 346 279

232 458 426 529 disse,
479 475 549 513 ao
582 459 860 516 confisum
891 454 1107 517 fuisse:
1156 457 1471 518 verisimile
1503 461 1659 520 enlm
1691 470 1813 532 est,
1853 450 2141 537 insignem
2173 459 2443 536 aliquem,

227 544 592 620 maximeque
620 545 990 615 conjunctum
1021 555 1192 621 atque
1227 543 1572 603 honoratum
1613 544 1828 602 Davidi
1869 544 2078 615 fuisse,
2135 563 2302 621 quem
2348 544 2457 602 hic¹

228 629 474 686 notarit.
558 628 645 685 Eo
695 630 886 701 enim,
946 631 1100 705 quod
1145 630 1474 702 subjunxit:
1536 625 1701 720 ’λιι-ἠ
1751 626 1908 691 ⁷2:²¹&
1962 630 2066 704 qm‘
2106 628 2442 685 comedebat

219 730 445 790 panem
484 729 689 785 meum,
733 731 852 770 non
883 716 1111 771 videtur
1140 723 1371 771 tantum
1400 695 1783 794 significasse,
1812 696 1990 771 illum
2022 732 2129 771 suo
2162 701 2438 771 beneficio

227 797 458 869 alitum,
504 798 602 854 sed
637 800 823 875 magis
856 799 1174 856 adhibitum
1203 817 1432 876 mensae
1463 801 1671 878 regiae.
1742 800 1857 867 Qui
1886 798 2073 854 honor
2103 799 2440 873 praecipuus

225 879 377 953 fuit,
438 892 503 939 ut
543 900 617 939 ex
658 902 725 939 eo
765 885 1039 964 colligere
1070 885 1237 954 licet,
1283 883 1470 958 quod,
1515 894 1789 958 tanquam
1819 884 2050 960 insigne
2079 881 2437 954 beneficium,

230 984 364 1021 eum
396 964 649 1024 Davides
676 966 799 1023 lilio
827 967 1192 1037 Jonathanis,
1237 966 1634 1042 Mephiboseth
1667 969 1953 1024 obtulisse
1976 968 2191 1046 legitur
2221 965 2432 1026 2Sam.

229 1054 293 1122 9,
327 1052 382 1107 7.
400 1091 419 1123 ,
478 1070 646 1127 quem
677 1052 863 1126 ipsum
899 1055 1087 1111 virum
1116 1050 1212 1108 hic
1247 1055 1442 1108 notari
1477 1054 1619 1108 satis
1646 1062 1736 1108 est
1761 1053 2108 1123 verisimile,
2172 1051 2434 1108 vi‹l.A1·-·

227 1146 488 1212 gument.
570 1135 626 1194 Is
676 1146 867 1194 autem
914 1147 972 1193 et
1026 1140 1147 1212 ipse
1204 1148 1337 1222 :329
1394 1133 1503 1221 *01:³3
1557 1133 1746 1215 577317
1802 1135 2027 1192 extulit
2080 1145 2296 1195 contra
2352 1155 2438 1192 me

228 1219 603 1292 calcaneum,
655 1219 711 1277 h.
743 1241 793 1278 e.
827 1222 1071 1279 insidias
1101 1232 1157 1278 et
1190 1201 1353 1278 dolos
1387 1222 1534 1277 mihi
1568 1217 1837 1291 struxit,
1884 1222 2063 1294 petita
2100 1218 2439 1294 metaphora

225 1305 323 1360 vel
357 1323 393 1362 a
425 1306 813 1380 luctantibuS,
858 1308 958 1382 qui
991 1309 1290 1381 supposito
1324 1305 1462 1382 pede
1495 1307 1739 1362 alterum
1766 1314 2033 1362 evertunt
2065 1323 2131 1361 ac
2163 1305 2436 1379 supplan-

226 1396 381 1462 tant,
420 1392 508 1449 vel
538 1409 574 1447 a
600 1391 801 1447 bestiis
835 1388 1298 1463 calcitrantibus,
1338 1408 1483 1468 quae
1515 1392 1725 1446 calcem
1756 1391 2085 1468 impingunt
2113 1391 2265 1447 aliia.

195 1567 198 1568 γ
407 1490 504 1547 ll.
587 1488 902 1562 Memorat,
963 1498 1029 1546 ut
1070 1493 1377 1548 sanitatem
1424 1492 1662 1548 restitui
1711 1491 1825 1548 sibi
1876 1498 2143 1565 precatus
2197 1492 2312 1564 sit,
2368 1512 2436 1548 ac

228 1577 491 1649 voverit,
545 1575 776 1648 perfidis
818 1575 940 1632 illis
980 1592 1040 1631 se
1082 1594 1492 1651 repensurum.
1547 1565 1654 1637 '7³7
1703 1577 1859 1635 :77:7³
1908 1586 2084 1660 nram
2136 1573 2229 1631 Τιι
2269 1593 2435 1651 e2·‚g‹›

226 1660 410 1734 Jova,
450 1662 731 1717 miserere
765 1659 880 1715 mei
908 1667 1087 1736 atque
1116 1662 1371 1722 restitue
1398 1678 1505 1732 me,
1553 1671 1620 1717 ut
1652 1662 1971 1737 rependam
1985 1642 2162 1716 isiis.
2227 1652 2437 1716 Judaei

231 1746 329 1802 hic
361 1747 521 1803 varie
552 1764 611 1800 se
645 1756 919 1821 torquent
945 1763 1048 1817 eo,
1093 1746 1244 1821 quod
1275 1746 1584 1802 videantur
1613 1745 1753 1802 haec
1761 1762 2103 1845 ’repugnare
2138 1745 2244 1816 iia,
2258 1764 2437 1820 quac

230 1831 304 1889 dc
335 1849 395 1886 se
428 1831 637 1886 cecinit
670 1828 761 1885 ΡΒ.
794 1831 853 1900 7,
883 1828 973 1900 5.,
1020 1830 1122 1887 ubi
1154 1831 1277 1887 dire
1310 1848 1371 1887 se
1410 1829 1680 1904 devovit,
1728 1832 1780 1886 si
1814 1826 2169 1907 rependissct
2202 1786 2438 1899 n’ialum,

229 1917 309 1972 iis
341 1917 543 1986 etiam,
590 1933 735 1991 quae
770 1915 880 1988 ipsi
908 1917 1121 1972 malum
1154 1914 1539 1989 rependeraut
1569 1935 1672 1991 pro
1701 1916 1889 1987 bono,
1933 1913 2207 1987 adversa3
2265 1924 2437 1989 atque

233 2001 366 2056 ideo
399 2001 501 2056 alii
536 2000 757 2070 dicunt,
795 1997 943 2054 hanc
965 1989 1389 2072 repensionem,
1430 2000 1499 2055 de
1529 2018 1642 2074 qua
1673 1997 1767 2057 hic
1797 1998 1977 2071 canit,
2020 2000 2082 2054 in
2112 2018 2179 2054 eo
2211 2009 2437 2056 tantum

230 2084 446 2155 fuisse,
490 2082 643 2159 quod
667 2103 729 2139 re
760 2084 883 2158 ipsa
910 2083 1175 2141 (ἱεοΙειι-αι
1160 2085 1356 2156 erit,
1366 2085 1513 2140 male
1545 2083 1680 2141 illos
1712 2083 1950 2155 fecisse,
1993 2080 2147 2160 quod
2178 2102 2239 2139 se
2270 2093 2439 2159 puta-

233 2171 359 2227 rint
388 2170 750 2242 moriturum.
836 2168 1084 2235 Quidam
1116 2167 1319 2225 dicunt
1355 2167 1453 2224 hic
1485 2170 1817 2244 promisisse
1844 2186 1905 2225 se
1930 2168 2083 2224 bona
2120 2169 2203 2222 eis
2232 2186 2437 2243 repen-

233 2273 457 2312 surum.
546 2252 662 2311 Sed
710 2261 963 2327 praestat
1012 2251 1357 2325 simpliciter
1413 2249 1555 2309 haec
1607 2255 1901 2330 accipere,
1976 2270 2083 2308 nec
2132 2252 2440 2331 indignum

234 2339 552 2438 arbitrari,
610 2356 802 2415 regem
849 2338 1140 2395 seditiosis
1182 2344 1242 2393 et
1292 2336 1522 2413 perfidis
1565 2335 1935 2411 hominibus,
2004 2337 2174 2414 regni
2216 2338 2437 2412 potius,
2505 2398 2525 2420 δ

234 2440 409 2499 quam
450 2423 541 2480 sui
586 2420 883 2494 hostibus,
937 2423 1117 2502 digna
1155 2422 1278 2479 suis
1321 2422 1630 2480 sceleribus
1672 2423 1999 2501 rependere.
2083 2418 2148 2478 ld
2187 2419 2341 2497 quod
2384 2429 2443 2477 et

193 2578 198 2581 ,
234 2508 541 2566 Salomoni
583 2506 703 2563 filio
747 2509 816 2564 de
860 2507 1231 2584 quibusdam,
1300 2508 1508 2586 quibus
1557 2509 1680 2585 ipse
1721 2516 2082 2586 pepercerat,
2141 2505 2443 2563 mandasse

232 2594 457 2673 legitur
498 2591 688 2669 lReg.
721 2595 784 2664 2,
816 2590 873 2649 5.
904 2609 1028 2669 sqq.

410 2695 507 2751 12.
591 2691 796 2767 Canit,
852 2712 1023 2771 quam
1054 2690 1320 2770 ampliter
1350 2691 1497 2751 Jova
1534 2711 1702 2749 suum
1731 2693 1794 2750 in
1832 2693 2016 2768 ipsum
2040 2692 2306 2751 *favorem
2340 2688 2441 2746 de-

235 2780 567 2850 claraverit,
604 2777 866 2855 undeque
898 2788 1050 2835 certe
1078 2780 1288 2836 iterum
1320 2779 1485 2834 illum
1515 2779 1845 2856 agnoverit,
1890 2795 2107 2853 nempe,
2140 2777 2293 2854 quod
2323 2794 2444 2832 non
2548 2796 2553 2809 ¹

236 2865 598 2940 permiserit,
662 2872 725 2919 ut
773 2863 841 2919 de
880 2860 1008 2939 ipso
1051 2865 1309 2920 extincto
1353 2863 1555 2938 perfidi
1597 2863 1686 2918 illi
1733 2859 2120 2932 laetarentur,
2179 2862 2443 2937 quodque

236 2949 692 3006 incolumitatem
739 2949 851 3022 ipsi
893 2949 1235 3004 restituerit.
1322 2944 1401 3005 In
1442 2944 1551 3003 hoc
1598 2947 1854 3024 agnovi,
1914 2955 1975 3005 te
2001 2945 2230 3022 favere
2280 2943 2448 3015 mihi,

236 3031 398 3110 quod
432 3051 546 3088 mm
585 3033 825 3088 exultat
869 3032 938 3089 de
976 3051 1064 3088 me
1104 3032 1377 3089 inimicus
1418 3050 1598 3091 meus.

417 3135 511 3190 13.
595 3147 620 3174 ‘¹
627 3144 734 3210 &U
772 3132 852 3190 Et
895 3152 982 3190 me
1023 3132 1179 3210 quod
1216 3132 1477 3204 attinet,
1519 3129 1926 3195 Nominativus
1955 3108 2288 3204 absolutus,
2331 3129 2450 3188 vid

238 3214 348 3287 35,
390 3220 482 3275 13.
567 3230 637 3278 Ὁ
683 3228 880 3306 anjam
918 3231 1083 3300 Ὃςηζι
1129 3214 1206 3275 In
1248 3215 1646 3294 integritate,
1709 3217 1832 3274 scil.
1876 3217 2136 3293 corporis
2180 3216 2335 3286 mei,
2387 3215 2451 3270 in
2512 3262 2521 3271 ,

240 3319 525 3376 prospera
568 3321 693 3359 mea
707 3284 1105 3376 valetudine,
1174 3300 1475 3378 suffulcies
1532 3319 1654 3375 me,
1726 3319 1900 3375 porro
1944 3320 2035 3359 me
2079 3301 2448 3370 incolumem,

237 3405 431 3462 spero,
473 3388 765 3452 servabis;
811 3406 1039 3464 quoque
1070 3390 1139 3449 ab
1173 3388 1333 3443 omni
1363 3387 1515 3443 malo
1548 3389 1735 3444 tutior
1768 3388 1911 3458 sim,
1950 3380 2138 3476 ἾἾΞΒΒ
2183 3396 2235 3429 ἢ
2214 3395 2447 3444 ,nffxrw

240 3467 431 3561 Εέἢινξ
467 3470 783 3555 collocabis
824 3490 912 3528 me
954 3490 1157 3531 coram
1206 3479 1264 3526 te
1320 3470 1385 3526 in
1442 3470 1897 3548 sempiternum,
1962 3466 2047 3530 id
2061 3451 2175 3542 αεὶ,
2230 3484 2454 3543 semper

241 3533 506 3613 habebis
515 3559 579 3613 in
620 3558 837 3629 oculiS,
881 3576 993 3632 quo
1035 3556 1253 3613 tuearis
1293 3565 1350 3612 et
1388 3573 1606 3612 semesi.

414 3659 510 3715 14.
565 3654 875 3717 Laudetur
911 3659 1081 3730 lova,
1118 3656 1284 3714 Deus
1322 3653 1599 3730 Israelis,
1644 3673 1684 3713 a
1721 3653 1914 3713 seculo
1955 3672 2135 3734 usque
2179 3654 2242 3711 t’n
2285 3669 2454 3710 secu-
2484 3700 2485 3703 ,

242 3739 392 3815 lum,
434 3743 498 3798 in
530 3761 753 3800 omnem
784 3747 1204 3800 aeternitatem.
1297 3735 1636 3821 Δοξολογία
1679 3741 1820 3797 haec
1854 3741 2048 3797 eadem
2088 3758 2233 3816 quae
2267 3741 2287 3794 l
2317 3734 2452 3792 Chr.

246 3828 348 3897 16,
371 3825 495 3899 36,
529 3827 725 3884 addita
756 3838 844 3885 est
875 3847 910 3884 a
942 3830 1245 3886 collectore
1268 3826 1476 3884 horum
1508 3828 1828 3882 carminum
1858 3827 1921 3882 in
1952 3825 2066 3882 fine
2097 3825 2230 3882 libri
2264 3820 2456 3898 primi,

246 3912 337 3968 uti
365 3865 573 3967 similis
603 3913 820 3990 legitur
852 3914 916 3970 in
943 3914 1058 3970 fine
1084 3913 1448 3990 sequentium
1476 3910 1785 3984 librorum,
1831 3929 2030 3987 nempe
2059 3909 2185 3967 Pes.
2218 3909 2320 3977 72,
2353 3905 2456 3962 89.

248 3997 388 4055 106.
451 3994 577 4053 vid.
601 3995 877 4079 'Prolegg.
920 4018 976 4075 p.
1004 4000 1063 4056 9.

1229 4165 1344 4226 Ps.
1386 4168 1488 4223 42.

418 4264 625 4338 Vates,
679 4269 896 4343 procul
922 4286 957 4325 a
990 4270 1173 4326 sacris
1202 4266 1382 4325 Jovae
1418 4268 1555 4324 exul
1588 4265 1896 4336 oberrans,
1955 4263 2028 4322 ab
2063 4257 2328 4322 hostibus
2360 4280 2464 4336 op·
2530 4326 2533 4331 f

246 4370 480 4431 pressus
513 4371 825 4429 eorumque
862 4350 1143 4412 conviciis
1179 4350 1547 4434 exagitatus,
1601 4350 2025 4429 querimoniam
2063 4348 2123 4410 e't
2158 4364 2354 4426 preces
2395 4343 2470 4402 ad
