2807 4913
747 296 875 364 1²2.
924 288 1046 381 96,
1104 289 1258 357 1ss
1316 235 1442 358 Ρ..
1482 300 1915 426 97‚·1-7.
2009 385 2015 390 .
2293 291 2439 359 535

210 463 491 559 ’Τηῑῑκως
535 467 1439 566 ²¹P¹308tu1·7³-·m5&·5237
1480 475 1602 562 Ἶίρ
1641 490 1792 553 agor
1827 481 1896 532 ot
1924 469 2273 553 plenitudo
2284 474 2439 550 ejus,
2524 503 2529 510 ν

227 562 384 638 quod
419 563 570 620 idem
588 567 654 617 et
681 562 1055 652 cognoscitur
1084 576 1158 616 ex
1161 539 1300 633 98,
1326 543 1407 615 7.
1369 599 1407 632 .,
1421 540 1552 616 ubi
1559 543 1727 617 liaeo
1753 567 2111 636 repetuntur.

405 673 498 729 13.
584 676 781 757 Vnam
834 663 1015 761 malti}
1070 682 1174 729 cta·
1206 665 1385 749 Venit
1438 666 1523 724 od
1557 664 1953 742 judicandum
1989 672 2262 748 terram,
2312 669 2355 724 i.
2387 689 2435 726 e.

224 758 298 816 ad
334 737 732 853 regnandum,
754 735 1073 853 ,ιιιᾱίςάνο
1114 736 1269 811 enim
1309 751 1501 832 figura
1539 749 1783 810 hebraea
1823 763 2080 827 regnare
2111 743 2434 834 significat,

223 861 395 918 quum
432 839 739 931 praecipua
775 857 908 913 pars
942 838 1173 913 imperii
1206 838 1285 893 sit
1316 838 1468 912 iuris
1502 846 1560 893 et
1591 834 1943 910 judiciorum
1977 837 2432 938 administratio.

222 926 412 985 Verba
445 924 652 981 ultima
686 908 795 985 '7:47
839 922 1012 983 ταί-Εἰ,
1053 926 1118 980 in
1155 918 1463 979 chronicis
1497 939 1619 979 non
1649 922 1947 1000 leguntur.

1101 1135 1102 1138 ¹
1197 1083 1315 1168 ΡΒ.
1357 1111 1460 1168 97.

305 1215 311 1223 Χ
388 1221 659 1301 Ejusdem
693 1222 813 1283 fere
841 1226 1173 1304 argumenti
1202 1224 1300 1282 hic
1327 1224 1590 1284 Psalmus
1621 1234 1711 1283 est
1743 1243 1874 1284 cum
1899 1226 2231 1301 superiore:
2281 1229 2432 1285 cele-

217 1317 352 1373 brat
379 1311 841 1387 Dei'potentiam
871 1319 931 1365 et
961 1311 1316 1383 majestatem
1357 1311 1783 1391 agnoscendam
1819 1310 1891 1367 ab
1930 1310 2194 1366 omnibus
2228 1314 2432 1389 'genti-

221 1401 350 1471 bus,
395 1415 560 1474 quae,
596 1395 829 1467 abjectis
859 1393 1054 1467 idolis,
1096 1393 1250 1458 hunc
1279 1415 1461 1453 unum
1492 1413 1694 1454 verum
1718 1392 1908 1452 Deum
1937 1394 2125 1450 colere
2157 1394 2431 1453 deberent

221 1494 280 1542 et
321 1482 582 1539 adorare.
665 1477 789 1534 Piis
823 1479 1124 1551 omnibus,
1165 1480 1268 1555 qui
1298 1479 1453 1537 hunc
1482 1479 1670 1538 Deum
1704 1478 1972 1538 Sinnium
2004 1478 2204 1534 colant
2237 1489 2296 1535 et
2327 1499 2430 1537 vc·-

222 1575 521 1634 nerentur,
551 1564 633 1631 ,ab
667 1582 735 1619 co
766 1564 1186 1638 protectionem
1221 1572 1281 1620 et
1314 1567 1564 1643 gratiam
1598 1565 1926 1640 promittit,
1967 1572 2029 1620 et
2053 1562 2164 1622 hoc
2193 1565 2427 1621 nomine
2506 1577 2516 1590 ·

165 1645 182 1706 .’
208 1649 429 1709 'laetari
458 1667 557 1705 eos
582 1647 768 1721 jubet,
807 1658 867 1704 et
894 1647 1325 1705 beneficentiam
1357 1651 1478 1722 ejus
1510 1651 1818 1706 celebrare.

392 1734 562 1793 Sicut
591 1732 991 1807 praecedentes
1023 1730 1165 1790 duos
1192 1732 1485 1808 Psalmos,
1541 1736 1625 1791 ita
1653 1733 1808 1791 hunc
1836 1734 2007 1790 etiam
2037 1742 2096 1789 et
2127 1741 2430 1810 sequentes
2498 1773 2501 1778 -
2534 1773 2561 1828 -t

220 1822 478 1896 aliquot,
537 1834 718 1891 usque
755 1814 836 1872 ad
873 1818 1048 1888 101.‚
1110 1820 1412 1876 occasione
1456 1819 1777 1877 consecrati
1818 1819 2019 1892 templi
2060 1818 2295 1875 secundi
2336 1815 2429 1874 vel

217 1905 404 1962 factos
451 1902 545 1959 vel
598 1901 687 1957 illi
730 1900 1190 1959 accommodatos
1234 1921 1357 1960 esse
1402 1905 1803 1981 suspicantur,
1855 1920 1931 1961 ex
1976 1902 2198 1960 Graeco
2250 1903 2427 1959 titulo

216 1988 438 2054 Psalmi
470 1987 569 2044 96.
611 1980 799 2060 (cujus
836 1983 952 2043 vid.
980 1986 1220 2066 Argum.
1225 1982 1283 2064 ),
1338 2005 1515 2062 quum
1555 1997 1617 2045 et
1654 1989 1869 2044 similes
1908 1988 2029 2045 sint
2061 1996 2428 2065 argumento,

137 2097 141 2110 ’
224 2075 371 2133 etin
400 2070 509 2129 hoc
535 2070 698 2127 nullo
726 2068 928 2127 ordine
955 2070 1338 2144 Psalmorum‚
1370 2073 1669 2146 conjuncti
1697 2082 1887 2128 tamen
1917 2072 2195 2128 continuo
2223 2072 2428 2129 ordine
2532 2072 2534 2075 ’

222 2159 516 2237 legantur.
599 2154 667 2212 ln
697 2154 925 2213 Graeca
952 2155 1348 2213 Alexandrina
1386 2156 1770 2212 translatione
1810 2154 1945 2214 huic
1984 2153 2208 2212 Psalmo
2256 2173 2427 2228 prae-

218 2245 496 2318 scriptum
527 2250 648 2299 est:
690 2239 776 2317 τῷ
811 2235 1030 2310 Λιυὶδ,
1076 2228 1177 2299 ὅτε
1214 2233 1252 2316 ἦ
1283 2240 1361 2317 γῆ
1395 2235 1585 2299 αὐτοῦ
1619 2241 2006 2308 καθίσταται,
2045 2238 2172 2314 ipsi
2202 2236 2429 2310 David,

217 2326 448 2405 quando
487 2334 661 2382 terra
700 2322 832 2393 ejus
871 2323 1169 2379 restituta
1205 2333 1333 2397 est,
1387 2332 1458 2380 ut
1489 2323 1779 2403 vulgatus
1816 2323 2085 2381 reddidit.
2166 2320 2431 2394 „Resti-

216 2420 412 2469 tutam
442 2408 734 2480 terram,‘-‘
771 2408 964 2482 inquit
997 2408 1323 2480 Acamans,
1362 2410 1505 2482 „sic
1533 2407 1974 2488 intelligendum
2000 2414 2165 2483 puto,
2196 2403 2427 2482 quando
2466 2421 2469 2422 ’

212 2516 249 2554 a
273 2495 652 2553 fluctuatione
684 2500 743 2550 et
769 2493 1104 2570 agitatione
1117 2494 1380 2552 stabilita
1407 2502 1497 2551 est
1525 2504 1698 2574 atque
1724 2495 1976 2565 firmata,
1999 2489 2215 2553 sedatis
2236 2490 2429 2563 bellis,

217 2581 426 2657 quibus
451 2578 620 2654 prius
653 2575 1157 2651 concutiebatur.“

388 2687 443 2742 1.
529 2682 621 2742 De
666 2695 816 2766 1:722&
857 2684 977 2741 vid.
1021 2695 1147 2743 not.
1192 2686 1267 2744 ad
1309 2682 1542 2759 72,10.

385 2788 447 2844 2.
505 2795 692 2874 77:³30
721 2781 925 2874 btv-227
956 2792 1051 2875 ’μζ
1079 2784 1277 2845 Nubes
1302 2794 1366 2844 et
1394 2788 1590 2866 caligo
1622 2787 1794 2847 circa
1820 2805 1969 2860 eum,
2004 2786 2069 2848 ἐν
2103 2781 2209 2848 διὰ
2235 2782 2427 2860 δυοῖν,
2474 2782 2479 2788 ’
2560 2844 2563 2851 .

214 2874 464 2936 nubibus
512 2849 851 2953 caliginosis
877 2862 965 2929 ab
994 2854 1277 2934 omnibus
1325 2874 1590 2948 partibus
1639 2870 2154 2945 circumfunditur,
2215 2872 2449 2930 harum.

214 2958 494 3016 satellitio
525 2957 777 3030 stipatur
803 2956 1073 3028 majestas
1105 2960 1247 3032 ej'us,
1332 2957 1501 3022 Talis
1540 2948 1935 3020 εἶδωλοποιΐα
1974 2956 2044 3015 dc
2082 2958 2274 3015 densis
2314 2977 2425 3014 nu·
2506 2960 2509 2963 ’

212 3044 416 3116 bibus,
475 3043 628 3098 inter
670 3059 816 3117 quas
848 3040 917 3096 de
952 3042 1112 3097 coelo
1152 3042 1511 3104 descenderit
1542 3041 1737 3117 Deus,
1793 3053 1882 3104 est
1923 3049 1984 3100 et
2032 3045 2127 3115 18,
2156 3043 2251 3101 lo.
2335 3041 2426 3131 De

212 3129 426 3199 verbis,
467 3145 611 3203 quae
641 3127 903 3214 proxime
932 3135 1275 3202 sequuntur,
1315 3127 1432 3189 vid.
1464 3128 1543 3193 ad
1570 3126 1664 3184 Ps.
1696 3126 1928 3200 89,15.

378 3229 437 3287 3.
525 3210 831 3284 Antecedit
861 3245 992 3283 eum
1018 3225 1247 3284 flamma
1273 3229 1586 3300 vastatrix,
1629 3247 1775 3305 quae
1796 3239 2107 3309 grassatur
2137 3231 2201 3285 in
2231 3227 2429 3287 hostes

211 3314 397 3389 ipsius
431 3313 838 3385 circumcirca,
884 3321 952 3368 ut
981 3312 1252 3380 incendat
1286 3321 1345 3369 et
1380 3322 1682 3384 consumat
1715 3332 1831 3371 eos.
1914 3313 2071 3371 Huic
2112 3315 2299 3385 simile
2336 3324 2424 3370 est

213 3397 564 3470 Ps.18,9.;
607 3399 784 3453 etiam
817 3398 920 3469 29,
950 3398 1006 3455 ⁷..
1050 3405 1109 3452 et
1140 3415 1306 3473 saepe
1339 3397 1489 3453 alias
1527 3399 1596 3454 ab
1629 3399 1763 3476 igne
1799 3406 1857 3454 et
1887 3396 2147 3469 fulmine,
2193 3400 2424 3454 tonitru

213 3490 272 3539 et
302 3480 739 3559 tempestatibus
777 3482 1203 3543 demonstratur
1236 3483 1500 3564 potentia
1529 3479 1660 3538 Dei.
1742 3479 2014 3543 Fulmina
2056 3492 2228 3556 atque
2269 3483 2424 3539 toni·-

123 3578 134 3600 ’
214 3578 348 3627 trua
389 3576 664 3641 tanquam
707 3576 1107 3626 antecursores
1147 3575 1204 3624 et
1243 3567 1619 3665 antesignani
1659 3566 1949 3629 sistuntur
1975 3565 2152 3623 Jovae
2189 3566 2428 3655 expedi-

214 3653 435 3708 tionem
474 3651 868 3722 suscipientis
927 3697 931 3701 .

384 3754 443 3809 6.
529 3752 693 3841 ’ψ’-τὶς
747 3752 968 3810 ΟἫἩΠ
1026 3760 1205 3832 ῆῬὲιιἾ
1263 3750 1644 3812 Annum-iane
1705 3753 1853 3812 coeli
1897 3751 2218 3826 justitiam
2273 3768 2426 3824 ejas.

183 3835 410 3899 “Coelio
453 3838 557 3893 alii
597 3817 937 3914 intelligunt
980 3835 1250 3908 coelites,
1312 3837 1544 3894 divinae
1591 3839 1858 3912 justitiae
1902 3850 2247 3914 praecones,
2319 3835 2426 3890 alii

213 3921 539 3998 significari
569 3920 683 3977 hoc
714 3930 955 3994 putant.
1006 3921 1235 3992 justitia
1271 3922 1391 3997 ejus
1428 3924 1620 3998 opplet
1653 3942 1878 3980 omnem
1911 3940 2131 3983 rerum
2137 3919 2428 3976 universi·

215 4014 429 4075 tatem,
480 4006 705 4063 coelum
744 4014 802 4060 et
834 4014 1083 4070 terram3
1153 4007 1307 4061 sicut
1348 4004 1661 4080 hyperbole
1700 4009 1959 4081 poetica:
2017 4004 2203 4081 fama
2242 4019 2426 4081 super·
2496 4002 2505 4017 ⁸

218 4085 466 4146 aethera
504 4099 702 4160 notus,
745 4098 839 4147 et:
886 4087 1122 4146 sublimi
1146 4087 1385 4161 feriam
1425 4092 1657 4149 vertice
1697 4091 1918 4150 sidera.
2494 4080 2495 4087 ¹

390 4190 449 4245 7.
531 4188 753 4248 Pudeat
780 4210 923 4271 ergo
949 4192 1348 4266 perversitatis
1379 4209 1517 4248 suae
1548 4211 1770 4269 omnes,
1812 4194 1913 4268 qui
1942 4189 2116 4250 idolis
2144 4190 2430 4258 serviunt,

223 4274 325 4417 ‹1:¹st
339 4274 619 4433 §golgus
660 4277 978 4358 imagines,
1038 4293 1144 4334 res-
1173 4274 1339 4393 fictas
1375 4283 1444 4342 elz
1472 4275 1682 4352 nihili,
1720 4278 1936 4337 colant.
2005 4274 2096 4338 De
2136 4270 2269 4357 3:227
2309 4271 2431 4332 vid

222 4381 257 4419 a
