2807 4913
831 333 949 400 Pe.
980 351 1102 419 99,
1149 299 1212 393 8,.
1322 321 1766 417 Pe.1oo,'2.
1801 329 1868 395 3.
1890 277 1899 294 =
2087 353 2094 370 ²
2314 328 2466 400 539

423 519 486 579 8.
572 526 763 580 ΒΝ),
806 527 953 579 rit-7&
997 510 1228 610 ηδ’ξὲζς
1271 515 1431 577 narr·
1473 511 1651 588 Jove,
1691 512 1860 573 Dm
1900 522 2125 588 noster,
2171 521 2238 572 tu
2279 533 2468 575 exau-

250 603 461 704 diebus
491 605 613 675 ees,
634 583 784 678 'illos
814 603 955 659 fides
989 612 1143 669 tuos,
1180 598 1284 679 q’ui
1309 610 1366 657 te
1391 582 1778 671 sancierunt,
1817 598 1941 658 vid.
1972 600 2046 657 ad
2072 598 2173 660 Vs.
2203 602 2462 675 praeced.

253 679 359 753 727
419 692 549 750 &inb
602 684 686 751 3&
737 685 906 745 Deus
959 684 1296 743 condonans
1344 684 1435 744 eis
1476 685 1683 760 fuisti
1725 691 1789 742 et
1838 682 2156 742 ahinoem
2172 685 2238 743 in
2268 684 2468 758 faeta

188 802 200 812 ’
254 794 479 846 eorum,
522 791 605 830 sc.
633 775 810 830 etiam
838 773 893 828 si
924 780 1157 847 peecata
1189 789 1390 828 eorum
1420 770 1814 829 ulciscebaris.
1899 766 2170 828 Sensus.
2193 771 2465 844 parcebas
2513 807 2521 819 ·

230 863 363 933 eis,
402 862 579 916 etiam
608 857 839 935 quando
870 857 1095 932 culpam
1124 865 1185 912 et
1210 864 1450 932 peccata
1477 873 1678 915 eorum
1703 853 2074 912 ulciscebaris
2102 854 2465 916 animadver-

110 965 114 972 ·
141 986 150 992 -
255 947 421 1026 sione
448 954 574 1015 tua,
611 938 984 1016 temperando
1014 941 1287 998 nimirum
1315 941 1606 1017 justitiam
1637 937 2055 999 misericordia.

1207 1123 1327 1220 1³⁸.
1382 1159 1524 1218 100.

426 1281 792 1342 Exhortatur
835 1280 1141 1357 populum,
1194 1288 1269 1335 ut
1302 1279 1614 1337 conveniat
1653 1281 1718 1338 in
1757 1281 1975 1341 Zionio
2018 1282 2093 1340 ad
2133 1282 2321 1342 Deum
2365 1284 2468 1342 ad-

260 1365 546 1429 orandum
582 1374 642 1425 et
675 1364 1103 1423 celebrandum.
1184 1363 1320 1421 Etsi
1356 1361 1639 1422 hebraeus
1677 1367 1918 1439 titulus,
1978 1363 2181 1461 1·ηῆηέ
2226 1371 2467 1458 ἾἿΖιτη,

261 1452 664 1514 laudatorium
715 1450 857 1508 facit
900 1447 1055 1505 hunc
1102 1447 1427 1521 Psalmum,
1493 1456 1554 1506 et
1599 1453 1922 1528 gratiarum
1970 1434 2254 1512 actionem
2297 1433 2466 1530 (nani

262 1541 428 1600 min
461 1535 831 1609 confessio,
828 1531 1291 1591 celebrationem
1322 1535 1498 1591 etiam
1520 1542 1582 1592 et
1606 1536 1931 1614 gratiarum
1958 1539 2246 1595 actionem
2276 1538 2466 1614 signi-

256 1606 415 1694 fleat,
459 1631 525 1678 ut
557 1618 653 1677 Vs.
681 1625 744 1681 4.
783 1618 886 1692 95,
913 1620 970 1674 2.
976 1616 1034 1692 ),
1085 1618 1357 1676 invitatio
1391 1625 1587 1676 tamen
1617 1621 1811 1695 potius
1840 1630 1951 1695 est,
1988 1631 2048 1678 et
2083 1623 2467 1682 conclamatio

260 1709 336 1767 ad
367 1705 848 1807 celebrandum,·
844 1703 1046 1782 quod
1028 1721 1091 1760 in
1119 1702 1335 1760 Zionio
1362 1713 1722 1779 praestetur,
1767 1723 1938 1780 quam
1973 1706 2322 1780 celebratio,
2365 1718 2468 1766 aut

261 1795 590 1872 gratiarum
634 1794 786 1848 aetio
831 1792 992 1866 ipsa,
1064 1787 1265 1864 quales
1309 1798 1450 1846 sunt
1494 1788 1557 1844 in
1600 1786 1736 1845 aliis
1782 1785 2047 1847 Psalmis.
2134 1793 2287 1860 Quia
2327 1810 2468 1850 vero

260 1895 473 1935 nomen
509 1875 684 1934 π’·ιίτι
727 1876 900 1931 etiam
943 1870 1310 1945 sacrficium
1350 1872 1691 1949 gratiarum
1734 1876 1993 1933 actionis
2035 1877 2332 1956 significat
2376 1876 2472 1953 (ut

259 1961 398 2022 Lev.
426 1959 574 2032 7,2.
583 1938 729 2016 Jer.
753 1960 851 2030 17,
873 1959 972 2017 26.
1017 1957 1111 2015 Ps.
1140 1957 1243 2029 56,
1268 1952 1429 2033 13.);
1472 1963 1632 2028 sunt,
1673 1960 1774 2034 qui
1803 1956 2103 2017 hebraeam
2133 1961 2469 2037 inscriptio·
2539 2023 2540 2030 χ

262 2064 394 2103 nem
424 2046 492 2104 de
524 2043 813 2105 sacrificio
848 2043 950 2099 illo
979 2043 1467 2120 interpretentur,
1522 2040 1597 2099 ad
1628 2040 1782 2119 quod
1807 2041 1963 2100 hunc
1991 2044 2282 2103 Psalmum
2319 2046 2474 2102 acci-

262 2132 518 2187 nuerint.
599 2125 691 2185 lta
723 2124 1076 2199 Chaldaeus,
1115 2129 1218 2203 qui
1255 2124 1524 2185 Psalmus
1556 2143 1680 2205 pro
1718 2127 2030 2200 sacrificio
2070 2126 2474 2202 eucharistico

263 2214 539 2274 reddidit.
626 2209 772 2269 Mihi
805 2229 945 2268 vero
980 2213 1122 2267 tales
1157 2209 1568 2288 inscriptiones
1602 2220 1664 2268 et
1698 2212 2207 2288 interpretationes
2246 2231 2366 2271 non
2406 2213 2476 2271 de

168 2314 175 2318 ·
267 2297 591 2370 occasione,
632 2313 745 2372 qua
777 2305 946 2373 poeta
976 2294 1265 2353 psalmum
1304 2296 1536 2368 fecerit,
1567 2293 1817 2369 testari,
1861 2314 2042 2373 neque
2072 2308 2477 2376 argumentum

263 2385 523 2443 indicare
553 2380 860 2453 videntur,
918 2378 1020 2436 sed
1049 2378 1118 2437 de
1154 2399 1263 2438 usu
1302 2389 1531 2440 tantum
1565 2378 1801 2454 docere,
1860 2382 1933 2440 ad
1966 2401 2133 2461 quem
2163 2384 2476 2483 posteritas

267 2489 366 2529 eos
404 2468 667 2527 Psalmos
707 2464 1058 2527 adhibuerit

435 2597 499 2653 2.
597 2598 842 2684 πηυὶζιέ
899 2596 1238 2682 n2n³·n&‚
1297 2602 1449 2655 π’·ιὲι»
1505 2593 1699 2653 Colice
1753 2593 1963 2654 Ionam
2030 2614 2160 2653 cum
2214 2594 2479 2668 laetitia,

265 2681 307 2738 i.
348 2699 400 2737 e.
450 2660 740 2754 praestate²
783 2660 981 2737 Jovae
1017 2660 1407 2736 ministerium
1467 2680 1661 2737 cultus
1717 2682 1896 2738 vestri
1956 2681 2175 2740 alacres
2232 2690 2293 2738 et
2348 2700 2480 2741 cum

260 2766 512 2822 laetitia.

442 2872 504 2932 3.
566 2883 755 2967 vm&
791 2867 889 2937 ἥὶῖ
929 2876 1076 2962 ῆὶἱυξ
1108 2883 1232 2935 ΜΓ.
1264 2869 1408 2951 Ipse
1430 2870 1608 2945 feeit
1645 2891 1773 2946 nos,
1814 2876 1854 2933 i.
1887 2893 1937 2931 e.
1966 2877 2242 2951 populum
2267 2884 2329 2932 et
2357 2895 2507 2945 rem,

266 2958 557 3038 publicam
601 2956 709 3016 nos
738 2940 1069 3017 constituit
1106 2957 1423 3036 (quomodo
1467 2956 1608 3014 haee
1649 2958 1877 3032 phrasis
1917 2958 2095 3018 Deut.
2131 2961 2245 3032 32,
2291 2959 2478 3018 6.15.

267 3053 607 3120 usurpatur,
650 3054 709 3101 et
734 3032 859 3102 Jes.
884 3044 987 3114 29,
1009 3042 1109 3099 23.
1139 3042 1493 3102 israeliticus
1525 3044 1765 3118 populus
1808 3048 1995 3104 nium:
2030 3062 2179 3122 opus
2210 3062 2483 3103 manuum

270 3127 460 3187 Jovae
500 3126 772 3208 vocatur)
816 3136 879 3185 et
914 3128 1128 3206 ὄρυζα
1133 3170 1148 3184 .
1188 3128 1382 3204 ipsius
1424 3127 1625 3203 igitur
1657 3142 1876 3201 sumus,
1915 3110 2069 3205 quod
2097 3146 2250 3187 mox
2264 3129 2483 3186 elarius

271 3214 559 3288 explicat,
616 3212 751 3273 dum
794 3213 988 3272 addit:
1045 3215 1285 3308 ‘517533‘272
1333 3216 1490 3305 *sam
1535 3213 1686 3291 Ἷηξ,
1736 3225 2004 3288 utsupra
2035 3212 2139 3286 95,
2167 3218 2224 3273 7.
2310 3214 2482 3282 Quod

270 3315 380 3376 pro
421 3295 488 3361 'lb
526 3299 587 3355 in
616 3308 783 3357 textu
811 3300 1052 3379 legitur,
1097 3281 1230 3369 Kb,
1264 3279 1517 3374 ejusdem
1543 3296 1790 3354 voculae
1825 3297 2054 3355 diversa
2084 3298 2483 3356 tantummodo

269 3382 561 3440 scribendi
593 3387 745 3442 ratio
773 3393 882 3457 est,
927 3384 1114 3461 qualis
1142 3393 1202 3439 et
1237 3383 1370 3441 Lev.
1403 3383 1500 3455 11,
1524 3382 1629 3441 21.
1647 3380 1777 3456 25,
1804 3383 1905 3439 30.
1952 3377 2068 3438 JeS.
2099 3385 2159 3456 9,
2187 3385 2245 3444 2.
2287 3383 2486 3441 obser-

269 3476 479 3539 vatur,
543 3468 749 3545 quibus
786 3469 933 3528 locis
972 3466 1174 3526 itidem
1213 3464 1279 3530 ‘lb
1323 3467 1414 3542 εἰ,
1467 3469 1534 3525 in
1572 3475 1736 3524 textu
1776 3462 1867 3529 ΝΒ
1900 3468 2178 3542 scriptum
2206 3476 2311 3530 est.
2391 3466 2487 3524 lta

272 3553 601 3631 promiscue
644 3553 921 3611 scribitur
963 3556 1049 3615 ΝΒ
1093 3560 1153 3610 et
1197 3555 1267 3613 ‘m
1312 3550 1445 3625 hic,
1509 3549 1772 3621 Job.38‚
1810 3552 1903 3609 11.
1960 3549 2486 3624 Ez.4o,1o.12.,

271 3654 380 3693 nec
420 3655 541 3695 non
588 3639 728 3711 Nn&
770 3647 828 3694 et
872 3639 992 3715 ’1βᾷ
1034 3636 1313 3695 ubinam?
1374 3637 1524 3695 Gen.
1560 3630 1663 3710 27,
1699 3637 1801 3694 33.
1852 3636 1958 3708 43,
1991 3636 2086 3692 ll'.
2138 3633 2267 3693 Job.
2296 3636 2358 3707 9,
2387 3637 2488 3696 24.

278 3722 381 3795 17,
412 3719 507 3785 15.
590 3722 710 3789 Qui
738 3720 888 3779 illud
920 3719 1003 3782 &b
1036 3732 1240 3780 nostro
1271 3725 1402 3780 loco
1436 3742 1541 3799 pro
1571 3722 1828 3800 negandi
1861 3720 2149 3797 particula
2186 3738 2301 3777 non
2339 3722 2492 3777 acci-

275 3807 466 3881 piunt,
496 3806 722 3864 frustra
751 3806 1038 3876 laborant,
1067 3818 1134 3862 ut
1162 3809 1519 3865 tolerabilem
1549 3814 1888 3864 nostrorum
1921 3805 2228 3863 verborum
2259 3823 2493 3861 sensum
2554 3846 2559 3855 .

277 3894 630 3971 exsculpent.
714 3889 938 3959 Eorum
971 3890 1108 3948 alii.
1162 3890 1257 3948 ille
1285 3892 1462 3965 fecit
1504 3910 1646 3964 nos,
1693 3909 1808 3949 non
1850 3889 1971 3968 {psi
2009 3906 2154 3961 nes,-
2210 3890 2252 3946 i.
2283 3908 2338 3945 e.
2370 3890 2495 3964 ipse
2597 3891 2622 3905 ‘

280 3970 423 4031 fecit
478 3995 585 4034 nos
644 3977 915 4052 populum
966 3991 1193 4047 suum,
1243 3994 1352 4035 nos
1402 3979 1518 4052 ipsi
1572 3994 1694 4036 non
1749 3975 2088 4053 perfecimus
2141 3973 2272 4030 hoc.
2358 3966 2530 4045 Auis

281 4069 518 4117 auctore
563 4059 829 4118 Jarehio:
893 4060 1027 4137 ipso
1067 4057 1235 4116 Deus
1287 4075 1397 4118 nos
1435 4060 1634 4135 fecit,
1696 4063 1913 4140 elegit,
1972 4057 2108 4117 dum
2149 4056 2343 4116 adhue
2384 4074 2503 4113 mm

280 4159 534 4201 eramus.
616 4144 710 4203 Ex
750 4145 1040 4204 veteribus
1078 4144 1194 4201 soli
1232 4144 1553 4205 Chaldaeus
1591 4155 1653 4202 et
1694 4146 2090 4222 Hieronymus
2131 4154 2288 4202 reete
2326 4141 2504 4198 verba

278 4238 485 4284 nostra
533 4229 904 4306 interpretati
950 4238 1106 4288 sunt·-
1190 4230 1427 4308 Reliqui
1482 4238 1677 4300 alitem
1722 4240 1984 4302 veteres,
2048 4228 2505 4288 Alexandrinum

279 4310 425 4458 ξκαὶ
479 4307 615 4392 οὐχ’
658 4309 874 4401 ἡιιεῖς)
930 4315 1194 4399 sequuti,
1268 4314 1351 4381 rib
1406 4333 1514 4447 pro
1562 4314 1819 4400 negandi
1872 4314 2161 4390 particula
2209 4313 2357 4373 m'alc
2402 4309 2511 4373 ha-

321 4409 559 4458 uerunt.
