2807 4913
360 267 460 348 46
1064 279 1887 374 Ρε.4,.89Ρ35.

361 475 467 551 32¹7
498 462 913 538 frumentum,
964 468 1031 524 et
1061 466 1281 529 νᾶῆῆητι
1318 469 1554 542 vinum,
1608 436 1745 527 addi
1785 477 1971 560 ἰθ-βῆ
2017 470 2254 547 oleum,
2293 473 2369 531 cf.
2411 473 2622 535 Deut.

361 552 468 623 28,
506 550 606 607 51.
648 549 792 611 Hos.
827 552 899 624 2,
943 554 1039 614 lo,
1121 551 1296 610 Haud
1338 556 1509 629 pauci
1550 565 1743 613 tamen
1786 535 1965 621 illud
1980 555 2436 617 additamentum
2478 578 2588 636 pro

364 639 562 714 glossa
605 633 817 692 habent
863 654 898 692 a
947 639 1155 699 scribis
1195 637 1446 712 factum,
1516 650 1691 718 atque
1744 641 1888 697 adeo
1933 659 2007 698 ex
2046 643 2171 717 ipsa
2210 641 2379 700 Alex.
2421 644 2587 703 Vers.

362 720 793 776 eliminandum.
878 723 1133 780 Omnino
1156 740 1302 781 vero
1337 723 1434 779 hic
1464 722 1736 781 monendi
1770 736 1909 782 sunt
1936 727 2190 793 tirones,
2234 748 2305 785 ne
2341 731 2394 786 si
2434 729 2588 789 forte

361 805 575 861 alicubi
608 806 670 859 in
699 804 743 858 V
748 823 858 862 ers.
889 809 1052 865 Alex.
1087 809 1420 864 invenerint
1454 809 1650 880 verba,
1694 811 1901 883 quibus
1943 808 2090 866 nihil
2134 814 2478 887 respondeat
2520 817 2588 872 in

359 890 527 947 libris
557 888 784 961 hebrr.‚
831 889 968 947 binc
1005 895 1201 949 statim
1233 894 1550 971 colligant,
1589 903 1852 950 auctores
1886 893 2058 969 hujus
2088 900 2373 954 versionis
2408 900 2587 957 aliam

360 983 638 1047 sequutos
685 992 809 1033 esse
853 977 1174 1035 lectionem.
1264 976 1346 1035 Ut
1390 980 1547 1034 enim
1591 979 1678 1035 nil
1724 979 1911 1035 dicam
1961 981 2030 1035 de
2078 984 2230 1038 mala
2271 984 2586 1042 sedulitate

361 1059 881 1134 interpolatorum,
928 1063 1312 1136 interpretum
1355 1062 1617 1137 ipsorum
1661 1061 1757 1119 hic
1800 1065 2034 1122 videtur
2075 1064 2254 1122 fuisse
2293 1083 2456 1141 mos,
2514 1079 2585 1126 ut

358 1144 599 1201 verbum
635 1161 813 1200 unum
845 1155 1017 1222 atque
1043 1149 1290 1205 alterum
1319 1147 1599 1205 adderent
1624 1167 1699 1204 ex
1732 1149 1865 1205 aliis
1889 1150 2042 1206 ⁴loeis
2070 1152 2377 1208 similibus.

530 1259 589 1315 9.
676 1261 920 1327 Quando
964 1261 1118 1318 enim
1163 1271 1219 1319 te
1258 1264 1576 1338 propitium
1618 1261 1836 1336 habeo,
1895 1263 2042 1320 nibil
2082 1266 2227 1324 mihi
2264 1260 2578 1330 timendum

359 1352 478 1400 est:
501 1342 740 1411 Quiete
790 1347 968 1402 simul
1010 1345 1154 1403 cubo
1203 1357 1265 1402 et
1303 1351 1411 1406 dor
1415 1348 1560 1420 mco,
1605 1368 1738 1406 nam
1778 1358 1882 1422 tu,
1924 1348 2102 1423 Jova,
2145 1352 2304 1409 solus
2348 1372 2429 1427 es,
2474 1358 2580 1432 qui

357 1447 444 1484 me
485 1429 548 1485 in
596 1437 727 1484 tuto
773 1430 1068 1487 collocas!
1151 1429 1352 1491 niba:
1398 1434 1462 1488 in
1494 1452 1674 1511 pace,
1724 1435 1848 1489 sine
1878 1445 2055 1495 metu.
2126 1435 2216 1493 De
2245 1457 2389 1494 voce
2431 1453 2575 1502 Ἱππ-ιτ

359 1512 565 1583 simul,
611 1513 903 1572 dissensus
937 1527 1039 1572 est.
1126 1501 1301 1573 Alii:v
1337 1536 1465 1574 cum
1508 1519 1660 1590 illis,
1702 1517 1964 1577 hostibus
1997 1523 2170 1591 meis,
2214 1541 2266 1598 q.
2299 1523 2351 1579 d
2390 1508 2580 1582 adhuc

356 1601 562 1674 cupio,
606 1617 725 1654 una
760 1620 883 1656 cum
924 1603 1041 1657 illis
1081 1621 1217 1677 pace
1250 1601 1406 1675 frui3
1469 1612 1609 1659 tunc
1645 1623 1818 1675 xero,
1859 1624 1987 1669 cum
2031 1606 2180 1662 nihil
2226 1608 2374 1676 erit
2420 1608 2578 1684 quod

358 1685 550 1740 somni
591 1686 703 1738 mei
750 1689 1230 1760 tranquillitatem
1283 1689 1614 1762 perturbet,
1691 1699 1993 1764 postquam
2039 1692 2245 1748 adme
2291 1691 2576 1752 redierint

352 1764 551 1824 hostes
602 1770 754 1842 mei,
820 1772 1039 1827 cubabo
1082 1792 1150 1828 ac
1191 1792 1390 1828 secure
1433 1774 1733 1830 dormiam.
1817 1776 1936 1831 Alii
1975 1775 2045 1831 ad
2094 1774 2340 1832 Davidis
2379 1780 2590 1835 socios

350 1852 649 1910 referunt:
707 1857 881 1913 simul
925 1875 1051 1912 cum
1082 1858 1285 1927 vobis,
1328 1877 1731 1914 aerumnarum
1767 1866 2022 1916 nicarum
2057 1862 2247 1917 sociis.
2335 1860 2575 1920 Sedest

349 1941 547 2019 potius
579 1938 659 1993 i‘ta
689 1941 1056 2017 capiendum:
1097 1942 1315 1997 cubabo
1351 1941 1528 1998 simul
1554 1952 1612 1997 et
1650 1943 2017 2018 requiescam
2053 1948 2399 2020 tranquille;
2454 1966 2573 2005 non

350 2028 537 2083 solum
579 2025 833 2100 cubabo,
892 2026 989 2081 sed
1037 2030 1210 2082 simul
1257 2029 1431 2082 etiam
1475 2025 1790 2099 dormiam,
1833 2048 1933 2104 per
1974 2029 2303 2104 emphasin,
2351 2041 2419 2088 ut
2460 2032 2574 2092 Jes.

348 2112 588 2180 4214
635 2124 747 2172 *117³
793 2110 1017 2214 {jn-{5257
1054 2115 1205 2184 Βι-’Ν
1251 2113 1537 2190 spiritum
1576 2121 1638 2166 t1
1642 2111 1750 2168 ιιΙιυ
1797 2124 1857 2169 et
1900 2112 2103 2171 anhelo
2144 2113 2332 2171 simul.
2413 2111 2573 2178 ἾἾΞΞ

348 2196 508 2253 solus
553 2209 690 2253 sunt
719 2182 821 2274 ¹qui
857 2195 927 2254 ad
961 2186 1244 2254 Davidem
1279 2195 1569 2268 referant,
1620 2196 1727 2252 hoc
1758 2196 1962 2255 modo.
2016 2202 2082 2254 Iu
2130 2219 2218 2255 me
2260 2218 2466 2257 secure
2508 2210 2572 2256 et

278 2298 289 2307 “
348 2281 476 2339 sine
517 2292 674 2338 metu
718 2284 933 2355 solum,
979 2283 1034 2339 h
1062 2303 1110 2339 e.
1143 2284 1423 2354 seorsim,
1468 2282 1621 2337 domi
1655 2301 1852 2352 meae,
1898 2286 2026 2341 sine
2062 2302 2345 2341 concursu
2379 2283 2571 2341 homi-

346 2385 507 2438 num,
555 2387 625 2423 ne
656 2386 798 2444 opus
829 2370 928 2440 sit,
975 2372 1035 2425 in
1070 2370 1370 2443 procinctu
1403 2377 1577 2437 stare,
1626 2378 1683 2422 et
1723 2371 2071 2448 congregari
2109 2378 2314 2425 contra
2348 2368 2566 2442 hostes,

139 2465 150 2473 “
248 2485 253 2490 ·
347 2452 552 2514 sedere
583 2451 818 2527 facies,
861 2466 928 2511 ut
956 2455 1015 2510 in
1052 2474 1172 2529 spe,
1218 2472 1265 2508 s.
1297 2452 1501 2509 sedere
1523 2450 1728 2526 facis,
1773 2464 1839 2511 ut
1873 2459 1933 2512 in
1962 2458 2282 2534 gratiarum
2315 2456 2576 2511 actione..

346 2531 461 2596 Sed
510 2550 765 2614 praestat
801 2540 873 2596 ad
913 2537 1098 2597 Deum
1136 2537 1386 2610 referre,
1434 2536 1556 2637 hoc
1588 2556 1793 2596 sensu·
1845 2549 1908 2596 tu
1951 2540 2113 2596 solus
2155 2559 2244 2595 lue
2291 2540 2361 2596 ab
2407 2539 2570 2596 omni

340 2621 598 2680 hostium
626 2635 780 2682 metu
815 2644 905 2681 me
942 2625 1246 2695 liberabis3
1294 2625 1402 2680 tibi
1448 2597 1559 2677 soli
1605 2621 1713 2678 hoc
1758 2624 2096 2681 beneficium
2139 2636 2435 2698 acceptum
2472 2644 2567 2683 re-

342 2706 504 2779 fero,
583 2707 737 2788 quod
789 2709 1143 2768 confidenter
1180 2718 1243 2768 et
1290 2710 1418 2764 sine
1466 2717 1623 2763 metu
1671 2708 1876 2766 mediis
1927 2712 1989 2766 in
2030 2709 2567 2802 perturbationibus

238 2788 249 2796 ’
327 2790 603 2850 ‘habitare
633 2795 868 2867 possim.
951 2805 1005 2839 ’ἱ
982 2794 1211 2875 ...Ξῆῑύῆτη
1251 2788 1430 2880 nnn}
1475 2789 1551 2848 In
1596 2798 1998 2870 securitatem,
2041 2793 2241 2851 secure
2287 2791 2565 2850 habitare

343 2896 431 2933 me
453 2878 656 2951 sacis,
702 2889 767 2935 ut
796 2869 968 2935 Deut.
991 2860 1114 2953 25,
1135 2880 1230 2936 18.
1274 2866 1393 2935 Jcr.
1407 2862 1535 2951 49,
1565 2877 1665 2934 31.

1332 3065 1446 3126 Ps.
1505 3065 1565 3125 5.

508 3180 790 3241 Precatur
815 3180 1025 3256 Deum,
1067 3193 1135 3241 ut
1164 3184 1234 3242 ab
1263 3184 1552 3258 hostibus,
1583 3184 1914 3242 hominibus
1947 3184 2232 3260 pessimis,
2277 3184 2563 3241 auxilium

276 3277 283 3283 ’
341 3265 458 3327 sibi
486 3279 761 3343 praestet,
805 3287 1072 3344 spemque
1107 3274 1384 3344 concipit,
1428 3270 1572 3342 fore,
1606 3281 1670 3327 ut
1698 3270 1844 3328 Jova
1875 3270 2138 3345 precibus
2170 3271 2291 3325 suis
2321 3278 2562 3340 annuat,

339 3354 495 3430 quod
537 3354 696 3428 ipse,
757 3355 1187 3427 sanctissimuS,
1245 3358 1440 3430 impiis
1498 3374 1809 3431 eorumque
1863 3356 2164 3410 conatibus
2210 3373 2331 3411 non
2378 3355 2563 3429 possit

338 3439 551 3495 favere.
600 3470 674 3480 —
724 3437 957 3493 Veteres
991 3436 1166 3497 Hebr.
1201 3442 1472 3519 magistri
1516 3440 1759 3511 docent,
1794 3438 1949 3495 hunc
1983 3439 2075 3495 Ps.
2112 3459 2147 3495 a
2173 3436 2399 3516 Davide
2433 3437 2560 3494 edi-

339 3533 462 3579 tum
506 3520 686 3579 fuisse
731 3521 1008 3578 adversus
1052 3521 1317 3604 Doe‘gum
1365 3534 1426 3580 et
1460 3522 1899 3604 Ahitophelem,
1961 3523 2154 3579 hostes
2200 3542 2353 3580 suos.
2441 3520 2561 3579 Sed

285 3599 294 3612 ‘
335 3625 513 3684 quum
543 3605 780 3686 Doegus
821 3614 880 3661 et
913 3606 1219 3683 Abitophel
1254 3611 1484 3667 diverso
1510 3608 1776 3684 ‘tempore
1809 3607 2091 3665 Davidem
2124 3611 2431 3682 vexarint,
2484 3607 2561 3664 ad

336 3709 437 3748 eos
472 3710 624 3749 unus
656 3693 919 3768 idemque
951 3689 1043 3748 Ps.
1075 3698 1366 3767 pertinere
1402 3712 1522 3749 non
1557 3702 1768 3768 potest.
1854 3694 1974 3750 Alii
2018 3694 2089 3750 ad
2134 3692 2376 3750 Saulica
2411 3703 2560 3751 tem-

336 3792 482 3849 pora
522 3774 813 3848 referunt„
861 3776 956 3833 vel
984 3786 1206 3852 tempus
1243 3780 1680 3855 intelligentes,
1724 3797 1838 3853 quo
1870 3776 2096 3848 David,
2142 3776 2370 3850 Mizpae
2413 3797 2561 3835 exu-

331 3862 499 3932 lans,
549 3876 850 3935 perpessus
875 3863 1058 3916 multa
1093 3864 1163 3918 ab
1190 3863 1452 3920 hostibus
1482 3872 1602 3934 est,
1649 3864 1916 3938 inprimis
1949 3881 1984 3920 a
2015 3858 2240 3940 Doego,
2286 3861 2359 3919 ad
2394 3864 2558 3935 cujus

331 3944 558 4002 facinus
605 3945 862 4021 alludere
895 3947 1080 4003 videri
1119 3951 1304 4018 possit
1339 3946 1438 4003 Vs,
1473 3950 1531 4003 7.
1582 3950 1713 4006 coll.
1750 3947 1846 4004 Ps.
1877 3950 2013 4018 70.‚
2064 3949 2167 4023 qui
2205 3949 2269 4003 in
2312 3946 2558 4002 eundem

329 4031 497 4085 illum
559 4039 648 4087 est
705 4029 945 4104 factus3
1004 4031 1098 4086 vel
1157 4030 1402 4089 Davidis
1467 4035 1978 4102 commorationem
2046 4034 2111 4088 in
2170 4034 2306 4088 aula
2367 4027 2557 4102 Sauli,

331 4116 541 4189 quippe
582 4133 694 4190 quo
742 4125 999 4188 tempore
1033 4117 1102 4171 ab
1134 4115 1393 4173 hostibus
1429 4118 1490 4172 in
1533 4120 1691 4174 omni
1731 4119 1857 4174 vita
1901 4127 1958 4174 et
1999 4116 2329 4173 actionibus
2374 4115 2559 4173 fuerit

330 4189 705 4271 observatus,
768 4210 941 4274 atque
984 4212 1345 4273 peccatorum
1391 4213 1451 4258 et
1497 4200 1926 4277 hypocritarum
1968 4198 2178 4280 ingens
2218 4200 2395 4257 fuerit
2439 4216 2559 4256 nu-

328 4300 543 4339 merus·
605 4284 719 4342 Sed
752 4284 994 4358 interpp.
1027 4284 1201 4363 longe
1232 4288 1490 4362 plerique
1524 4287 1905 4342 Absalonicae
1948 4285 2252 4343 seditionis
2294 4293 2554 4359 tempore

326 4363 481 4425 hunc
508 4368 628 4444 Ps.,
660 4379 728 4426 ut
760 4376 818 4425 et
846 4384 966 4442 eos,
1003 4371 1105 4446 qui
1129 4372 1396 4448 proxime
1426 4379 1878 4448 praecesserunt,
1915 4372 2295 4448 compositum
2322 4378 2555 4449 putant.
2583 4413 2588 4418 -
