2807 4913
364 299 517 373 436
757 333 769 346 ‘
938 321 941 326 “
1281 287 1416 374 Pe.
1449 302 1567 391 74,
1622 322 1684 367 1.

370 486 480 552 Est
508 488 607 547 bic
638 505 1012 565 personarum
1045 489 1339 567 enallage,
1380 489 1610 565 saepius
1636 489 1757 563 jam
1787 489 2121 562 observata,
2172 493 2356 550 veluti
2377 490 2503 564 ²54,
2535 495 2599 551 7.

374 571 479 649 67,
508 572 568 635 2.
595 567 661 631 3.
713 571 866 630 Bene
898 576 1195 630 transtulit
1223 574 1685 631 Alexandrinus:
1730 573 1842 635 τοῦ
1871 572 2206 656 ἐξαγγεῖλαι
2245 579 2451 647 πᾶσας
2478 574 2609 647 τὰς,

372 664 623 728 «ἀνέσεις
649 656 798 742 σοῦ.
886 656 1092 735 Opera
1120 655 1244 715 Det*
1285 675 1390 744 per
1429 660 1843 735 metonymiam
1884 659 1991 736 pro
2034 660 2312 719 laudibus
2352 679 2603 741 operum

373 744 509 820 v'us
554 745 770 801 dictum
808 742 974 801 viditss
1941 749 1942 752 ’

1355 932 1405 993 Ρ
1420 951 1470 993 s.
1520 935 1620 991 74.

549 1051 755 1109 Preces
782 1046 1130 1124 reipublicae
1157 1040 1436 1124 Iudaicae
1470 1048 1902 1124 afflictissimae,
1944 1068 2074 1107 cum
2105 1050 2427 1109 miserabili
2454 1069 2601 1127 que-
2640 1073 2650 1087 ¹

374 1140 534 1209 rela,
586 1153 702 1212 qua
730 1140 1102 1211 exponuntur
1132 1138 1320 1207 mala,
1360 1131 1569 1211 quibus
1601 1153 1870 1212 oppressa
1896 1137 2121 1208 jaceat,
2165 1136 2230 1192 in
2261 1134 2354 1192 his
2384 1138 2600 1192 arden·-

376 1224 602 1281 tissime
626 1223 861 1277 invocat
892 1236 1054 1293 opem
1086 1217 1228 1292 Dei,
1282 1220 1435 1276 freta
1471 1223 1786 1296 potentia„
1820 1238 1991 1295 quam
2031 1231 2169 1299 ante
2204 1240 2273 1277 ea
2307 1231 2598 1304 tempora,

377 1319 436 1365 et
468 1299 537 1364 ab
573 1306 815 1380 antiquo
853 1300 1116 1359 exhibuit
1151 1305 1366 1380 populo
1398 1322 1527 1380 suo,
1567 1315 1624 1361 et
1654 1324 1825 1381 quam
1854 1304 2076 1361 fabrica
2103 1304 2271 1380 hujus
2311 1308 2599 1380 universi,

375 1389 738 1467 ejusdemque
770 1388 1118 1466 guber-natio
1146 1387 1433 1463 ostendit3
1479 1391 1729 1467 itemque
1756 1389 1909 1446 freta
1938 1387 2240 1446 affectione
2268 1410 2411 1469 erga
2440 1389 2600 1446 hune
2666 1462 2672 1467 .

364 1478 562 1553 *ipsius
606 1475 916 1550 populum,
971 1480 1029 1527 et
1068 1472 1293 1530 foedere
1336 1493 1438 1545 eo,
1496 1477 1651 1551 quod
1685 1474 1824 1530 fecit
1855 1492 1984 1529 cum
2014 1475 2278 1549 patribus
2311 1476 2594 1550 ipsorum.

373 1560 536 1620 Haec
567 1560 763 1615 omnia
792 1557 960 1632 quasi
987 1558 1314 1620 revocando
1344 1559 1401 1615 ei
1436 1559 1500 1615 in
1530 1559 1898 1633 memoriam,
1953 1568 2012 1613 et
2043 1549 2455 1637 indignitatem
2483 1562 2596 1631 rei,

375 1657 497 1703 tam
526 1643 908 1701 nefandorum
934 1638 1292 1715 facinorum,
1336 1662 1506 1719 quam
1535 1646 1773 1701 insanae
1804 1644 2146 1700 insolentiae
2171 1642 2426 1699 hostium
2448 1684 2468 1715 ,
2517 1645 2593 1701 ob

375 1732 575 1788 oculos
610 1725 910 1804 ponendo,
955 1725 1223 1783 itanihil
1256 1729 1479 1786 omittit
1509 1730 1802 1801 omnium,
1846 1745 1991 1805 quae
2020 1729 2331 1803 impetrare
2360 1729 2596 1786 miseri-

375 1815 635 1874 cordiam
671 1808 786 1867 Dei
825 1809 1070 1886 possint.
1331 1886 1337 1890 ⁸
1418 1861 1422 1877 ι
2275 1887 2276 1890 ¹

551 1895 679 1964 Hoc
734 1913 966 1952 carmen
1021 1895 1261 1972 diserte
1287 1898 1551 1973 queritur
1599 1899 1667 1955 de
1713 1897 2113 1975 profanatione
2159 1906 2217 1954 et
2264 1895 2596 1980 direptione

277 2019 280 2028 ·
378 1978 614 2058 templi,
656 1988 714 2037 et
744 1980 907 2036 urbis
936 1982 1295 2055 vastatione,
1337 2001 1579 2058 quorum
1612 1993 1921 2059 utrumque
1951 1983 2166 2039 factum
2199 1992 2287 2038 est
2315 1981 2597 2038 Antiochi

374 2066 699 2144 Epiphanis
742 2074 1030 2141 tempore,
1083 2068 1179 2122 cui
1220 2069 1468 2142 tempori
1509 2069 1682 2125 etiam
1724 2069 2076 2124 conveniunt
2113 2067 2324 2125 Versus
2355 2070 2417 2123 4.
2448 2076 2508 2123 et
2534 2068 2595 2123 9.

376 2154 469 2211 Ad·
497 2149 901 2225 AEntiochicum
933 2159 1155 2227 tempus
1186 2161 1379 2210 tamen
1412 2172 1530 2209 non
1562 2155 1796 2230 congrit
1826 2151 2164 2209 inflammati
2196 2153 2394 2227 templi
2427 2170 2596 2208 men-

378 2240 501 2310 tio,
555 2232 657 2293 Vs.
691 2238 748 2303 7.
834 2234 989 2292 Hinc
1028 2234 1298 2310 fuerunt,
1357 2239 1457 2313 qui
1504 2238 1579 2295 ad
1616 2238 1947 2294 vastitatem
1988 2255 2023 2292 a
2057 2235 2358 2294 Chaldaeis
2401 2246 2598 2294 terrae

376 2324 604 2380 illatam
645 2320 941 2377 Psalmum
985 2319 1288 2377 referrent.
1375 2319 1486 2379 Cui
1530 2323 1850 2379 sententiae
1890 2325 2181 2402 repugnat
2222 2323 2598 2397 potissimum

376 2405 594 2465 Versus
627 2422 846 2477 nonus,
888 2402 989 2460 ubi
1024 2415 1380 2480 queruntur,
1427 2426 1487 2464 se
1520 2408 1708 2466 nullos
1742 2407 1988 2482 amplius
2022 2406 2227 2471 habere
2259 2405 2596 2481 prophetas,

381 2494 484 2569 qui
517 2492 793 2560 doceant,
839 2490 1068 2564 quando
1098 2489 1233 2546 finis
1262 2490 1496 2548 futurus
1532 2494 1611 2548 sit
1643 2491 1809 2564 hujus
1841 2493 2128 2548 miseriae.
2191 2489 2596 2548 ·.Chal‹laicum
2691 2552 2698 2558 ⁴

346 2586 572 2645 *autem
608 2572 928 2646 excidium,
990 2575 1092 2649 qui
1132 2577 1519 2650 praediceret,
1574 2576 1901 2655 habuerunt
1932 2575 2271 2655 Jeremiam,
2321 2576 2384 2632 in
2424 2578 2595 2648 cujus

376 2659 724 2735 Prophetiae
753 2655 890 2733 Cap.
917 2659 1021 2730 25,
1053 2658 1151 2718 11.
1197 2659 1411 2716 diserte
1442 2661 1509 2718 de
1538 2661 1906 2739 septuaginta
1936 2678 2219 2716 annorum
2248 2661 2597 2735 captivitate

379 2745 634 2829 docetur.
692 2740 1054 2799 Antiochicis
1081 2761 1222 2800 vero
1248 2746 1602 2820 temporibus
1631 2763 1752 2801 non
1780 2742 2098 2801 habuerunt
2126 2744 2451 2820 prophetas,
2485 2746 2601 2821 qui
2688 2798 2701 2813 ‚

378 2828 777 2903 praedicerent
820 2823 889 2881 de
928 2825 1098 2900 hujus
1139 2830 1486 2898 calamitatis
1529 2830 1852 2886 duratione.
1927 2826 2012 2886 Cf.
2046 2838 2103 2886 et
2143 2838 2265 2885 not.
2298 2829 2372 2886 ad
2399 2827 2499 2884 vs.
2530 2830 2597 2886 2.

382 2911 476 2969 Ad
521 2909 797 2969 Antiochi
839 2902 1159 2987 Epiphanis
1209 2913 1467 2970 furorem
1510 2924 1774 2971 nostrum
1810 2931 2041 2969 carmen
2080 2915 2199 2986 jam
2239 2910 2594 2969 chaldaicus

380 2998 669 3070 interpres
694 2996 931 3063 retulit3
986 2997 1105 3053 vid.
1140 3006 1260 3053 not.
1288 2996 1363 3054 ad
1390 2997 1489 3055 Vs.
1515 3000 1617 3055 22.
1702 2997 1837 3056 Etsi
1871 3016 2010 3054 vero
2041 3009 2100 3055 et
2131 2999 2354 3054 incensi
2387 2999 2593 3073 templi

381 3084 635 3151 mentio,
692 3087 752 3134 et
779 3081 925 3136 aliae
956 3098 1197 3154 causae,
1239 3085 1482 3158 quaein
1510 3082 1945 3161 Prolegomenis
1986 3101 2045 3157 p.
2074 3083 2132 3137 7.
2160 3100 2244 3156 sq.
2285 3084 2594 3157 expositae

382 3173 558 3235 sunt,
618 3163 850 3234 obstare
890 3165 1201 3239 videntur,
1262 3185 1376 3242 quo
1417 3169 1609 3224 minus
1654 3168 1889 3227 omuino
1919 3165 2180 3223 Psalmos
2207 3162 2593 3225 Maccabaicis

380 3247 731 3327 temporibus
769 3245 906 3303 huic
947 3250 1107 3310 libro.
1147 3252 1401 3308 insertos
1444 3270 1568 3308 esse
1620 3260 1975 3317 statuamus3
2045 3250 2214 3307 nolui
2265 3261 2462 3309 tamen
2521 3253 2589 3308 in

379 3330 970 3406 explicationehujus
1006 3337 1279 3392 carminis
1312 3344 1522 3393 notare
1552 3337 1847 3406 omittere,
1903 3333 2149 3410 quae‘ad
2179 3332 2591 3393 Antiochicam

381 3413 750 3490 tyrannidem
777 3416 984 3474 referri
1011 3421 1257 3494 possint.
1328 3408 1597 3477 Ceterum
1626 3429 1835 3491 sponte
1862 3420 2236 3497 intelligitur,
2269 3417 2589 3493 Asaphum‚

384 3500 490 3574 qui
518 3500 579 3554 in
614 3502 897 3557 carminis.
916 3503 1298 3578 inscriptione
1324 3506 1681 3574 nominatur,
1721 3500 2066 3561 Davidicum
2088 3505 2254 3561 illum
2281 3511 2587 3563 cantorem

349 3658 352 3662 ι
380 3600 506 3649 esse
543 3599 663 3639 non
701 3599 903 3659 posse,
962 3588 1063 3644 sed
1095 3590 1271 3666 longe
1297 3590 1678 3653 recentiorem
1706 3586 1989 3663 aliquem,
2043 3586 2246 3645 forsan
2281 3597 2476 3646 tamen
2508 3606 2587 3648 ex

378 3664 489 3722 hac
525 3667 652 3743 ipsa
685 3667 910 3726 familia
946 3671 1291 3744 oriundum,
1332 3672 1674 3750 significari.

557 3785 613 3840 l·
700 3793 860 3863 Πηξτ
912 3784 1048 3850 wsb
1106 3786 1311 3858 Quare
1360 3780 1759 3862 indignaris?
1839 3785 1931 3853 Ita
1980 3789 2142 3846 enim>
2186 3789 2426 3846 verbum
2480 3797 2589 3868 Πξτ

379 3869 588 3944 potius·
621 3852 1114 3946 interpretandum
1158 3890 1317 3943 esse,
1385 3888 1557 3945 quam
1601 3868 1917 3946 rejecisti,
1979 3874 2232 3942 vidimus
2272 3875 2347 3932 ad
2387 3876 2495 3946 60,
2527 3858 2592 3930 3Ϊ

375 3952 596 4027 Eodem
638 3953 810 4010 modo
856 3955 1070 4012 dicitur
1108 3954 1323 4023 Thren.
1354 3953 1418 4025 3,
1454 3955 1553 4010 31.
1601 3953 1701 4013 Pa.
1734 3957 1835 4028 77,
1866 3961 1923 4016 8.
1981 3958 2083 4030 89,
2112 3960 2214 4015 39.
2298 3955 2463 4019 Πδζῦέ
2509 3953 2588 4017 In

273 4026 290 4107 '7
379 4035 844 4115 sempiternum?
883 4047 1002 4095 tam
1038 4035 1179 4096 diu?
1238 4032 1356 4096 'lta
1386 4055 1633 4114 namque
1665 4049 1789 4116 87:32
1816 4059 1851 4096 a
1880 4051 2008 4121 1255?
2036 4043 2212 4114 vicit,
2249 4024 2589 4121 sapei-favit,

324 4174 337 4183 „
379 4121 532 4176 sumi
574 4118 646 4176 de
682 4121 1004 4196 longinquo
1044 4131 1104 4179 et
1143 4123 1243 4179 diu
1282 4132 1653 4198 permanente
1690 4117 1945 4198 tempore
1981 4126 2127 4184 alias
2151 4126 2588 4196 ¹diuturnitate·

376 4203 560 4260 ‘veluti
585 4214 911 4278 superante,
951 4210 1325 4283 cognoscitur
1351 4223 1426 4262 ex
1457 4205 1553 4263 ΡΒ.
1576 4209 1638 4279 9,
1657 4212 1715 4265 7.
1754 4208 1857 4279 49,
1878 4209 1973 4265 19.
2043 4210 2147 4267 Vel
2175 4213 2365 4288 possit
2392 4229 2588 4290 pror-

378 4302 516 4357 sus,
561 4287 824 4360 omnino,
863 4298 935 4359 ut
968 4289 1124 4346 infra
1158 4293 1260 4364 79,
1289 4288 1347 4346 6.
1393 4290 1495 4362 89,
1523 4293 1625 4348 47.
1665 4290 1957 4349 denotare.
2039 4297 2207 4385 ’μέλι-ἧι
2254 4304 2391 4378 ⁶:52³&
2435 4297 2585 4380 μὲν·

375 4376 635 4462 ῆζῃξῬΞ
666 4369 858 4436 Quare
881 4372 1097 4443 fumat
1136 4374 1238 4431 ira
1273 4383 1381 4434 tua
1421 4383 1637 4434 contra
1677 4382 1917 4452 gregeus
1945 4380 2169 4457 pascui
2202 4381 2299 4438 tui
2313 4373 2341 4437 ἲ
2362 4361 2592 4437 ‘cori-tr}
