2807 4913
320 265 430 338 44
854 328 863 351 2
1056 201 1069 223 ¹
1175 271 1314 339 Px.
1372 263 1440 354 4,
1500 267 1566 335 5.
1617 268 1686 335 6.

323 455 489 513 tivus.
524 452 819 527 interdum
858 471 981 513 non
1023 463 1145 513 tam
1182 450 1553 533 imperandi,
1599 444 1771 531 quam
1801 450 2162 521 concedendi
2198 462 2258 516 et
2290 454 2556 532 permit-

324 541 492 597 tendi
531 541 651 597 vim
678 538 880 616 habet3
949 541 1103 596 unde
1133 539 1234 612 fit,
1290 550 1358 596 ut
1400 541 1501 595 ille
1546 558 1977 616 nonnunquam·
2008 540 2400 597 conditionem
2445 540 2554 598 ex*

321 626 539 700 primat
570 665 592 697 ,
639 625 741 679 alii
782 624 1127 700 imperativo
1172 625 1579 699 praemissam,
1647 625 2121 699 quemadmodum
2163 623 2317 681 Eeel.
2359 628 2455 698 ll,
2485 625 2549 685 9.

323 709 554 765 laetare
583 707 865 781 juvenis,
922 740 996 751 —-
1046 716 1108 763 et
1149 709 1445 781 scitosi.
1480 729 1528 765 e.
1579 711 1631 764 si
1673 711 1941 779 laeteris,
1999 720 2121 764 tum
2171 712 2340 765 scias.
2427 710 2554 766 Alii

256 794 263 805 ²
320 793 780 868 interpretantur
818 803 883 849 ut
919 816 984 854 εν
1020 784 1122 852 διὰ
1162 788 1350 865 δυοῖν,
1399 794 1581 849 nolite
1623 793 1935 849 irascendo
1966 812 2250 871 peccare,
2291 793 2387 850 sed
2421 805 2551 857 tum

321 880 576 953 positum
611 894 733 931 esse
765 877 1034 935 debebat·
1069 888 1299 968 munt)
1335 875 1638 964 εΠΓΓἛΝ.
1711 879 1942 954 Optime
1982 877 2303 935 Chaldaeus
2330 866 2549 954 aliique

320 958 814 1036 interpretantur.
877 944 1320 1020 οοηίνεηιίἔόῖίο
1364 981 1444 1019 sc.
1494 982 1530 1019 a
1569 961 1713 1019 Deo.
1802 973 1908 1049 τη
1953 962 2050 1019 hic
2092 975 2182 1018 est
2224 964 2261 1018 i.
2304 983 2356 1040 q.
2409 975 2545 1050 ’ἾΠΒτ

325 1048 586 1103 tremuit.
673 1041 777 1102 Sie
823 1049 969 1106 Gen.
1022 1046 1139 1120 45,
1181 1049 1280 1104 24.
1339 1048 1521 1103 nolite
1584 1056 1742 1103 metu
1805 1057 1867 1103 t]
1870 1030 2119 1123 epidare
2177 1048 2239 1102 in
2300 1030 2545 1104 itinere.
2603 1100 2610 1103 ι

318 1128 495 1186 Deut.
527 1131 587 1203 2,
623 1128 724 1187 25.
768 1133 1230 1189 contremiscant
1264 1141 1323 1188 et
1353 1141 1779 1210 expavescant.
1865 1131 2085 1189 Sensus
2123 1131 2178 1189 h.
2209 1133 2284 1189 1.:
2326 1131 2544 1189 Pavete

320 1223 378 1272 et
421 1216 848 1273 contremiscite
884 1235 918 1271 a
960 1215 1088 1274 Deo
1139 1215 1218 1295 (si
1251 1236 1339 1272 me
1379 1235 1498 1272 non
1541 1214 1820 1293 timetis),
1865 1236 1939 1274 ne
1971 1219 2125 1273 ultra
2168 1218 2409 1290 peccetis
2446 1235 2540 1272 me

317 1308 724 1385 persequentes
760 1312 816 1358 et
847 1301 1132 1358 adversus
1122 1319 1237 1356 me
1268 1301 1638 1358 rebellantes.
1722 1298 1976 1393 13333733
2022 1312 2190 1379 ἸΓἹ73Ν
2224 1299 2431 1357 Dicite
2472 1301 2562 1375 in¹

321 1376 500 1442 corde
541 1393 775 1457 vestro,
820 1389 859 1442 i.
893 1407 940 1442 e.
972 1387 1136 1461 apud
1153 1403 1292 1457 vos,
1334 1404 1378 1444 s,
1410 1387 1560 1461 apud
1592 1376 1848 1441 animuni
1877 1368 2167 1452 vestrum‘3
2230 1380 2540 1460 expendite

318 1468 473 1543 apud
501 1486 642 1544 νος,
679 1486 758 1525 sc.
793 1472 932 1547 quid
966 1473 1173 1550 agatis.
1256 1469 1365 1528 Est
1399 1473 1554 1533 enim
1588 1471 1902 1545 cogitatio,
1944 1480 2013 1527 ut
2048 1467 2209 1528 Plato
2238 1467 2490 1526 definit
2472 1487 2542 1529 m

319 1551 622 1627 Sophista,
663 1554 1040 1721 colloquium,
1083 1555 1235 1631 quod
1275 1557 1501 1612 animus
1535 1566 1726 1611 seeum
1758 1554 1949 1660 habet,
1994 1557 2121 1611 sine
2156 1574 2319 1626 voce,
2360 1547 2541 1632 λόγος

835 1705 977 1733 .....

296 1810 585 1884 .inquirit.
669 1811 820 1870 772‘77
854 1818 917 1865 et
955 1809 1147 1880 silete,
1187 1810 1624 1887 conquiescite,·
1651 1816 1849 1865 tacete
1882 1819 1940 1866 et
1969 1818 2189 1866 cessate
2215 1828 2249 1864 a
2276 1810 2536 1865 scelestis

314 1895 528 1949 vestris
576 1873 984 1950 moliminibus.
1072 1904 1210 1953 ,77:³²7
1249 1895 1456 1976 silere,
1514 1897 1845 1971 quiescere,
1905 1912 2177 1967 cessare,
2223 1892 2594 1951 desistere..

315 1976 392 2036 Η.
419 1979 456 2032 Ι.
493 1979 882 2034 cessationem
921 1983 1138 2057 operis,
1180 1999 1256 2038 se.
1289 1972 1623 2036 rebellionis
1652 1978 1967 2056 signifieat.
2050 1977 2216 2035 Alex.
2243 1978 2534 2054 posterius

315 2061 416 2118 Vs.
456 2062 771 2118 membrum
812 2067 1024 2123 vertit:
1082 2059 1123 2126 ἃ
1167 2061 1367 2144 λέγετε
1413 2064 1476 2123 ἐν
1519 2071 1650 2134 ταῖς
1688 2058 2034 2142 καρδίαιςε
2000 2067 2210 2140 υμῶν,
2253 2059 2351 2122 ἐπὶ
2398 2069 2535 2131 ταῖς

315 2149 548 2225 κοίταις
586 2142 753 2224 ὑμῶν
794 2142 1195 2230 κατανύγητε,
1255 2168 1399 2226 quae
1429 2149 1717 2228 Vulgatus
1753 2150 1975 2207 reddit.
2024 2167 2173 2226 quae
2219 2147 2429 2205 dicitis
2467 2147 2532 2206 in

317 2216 595 2290 cordibus
634 2234 880 2308 vestris,
923 2236 986 2292 in
1030 2234 1316 2293 cubilibus
1360 2236 1579 2292 vestris
1623 2235 2117 2310 compungimini3
2164 2234 2329 2310 quasi
2359 2231 2531 2287 Alex.

316 2325 452 2378 Γαῖ’-ι
495 2318 886 2375 exscissionis
930 2322 1393 2400 significatione,
1440 2336 1553 2398 qua
1585 2321 1649 2374 in
1674 2317 1886 2392 Niphal
1928 2317 2175 2403 gaudet,
2228 2317 2534 2392 acceperit,-

315 2421 489 2479 quam
512 2401 682 2481 Vulg.
711 2406 1134 2488 compungendi
1161 2406 1338 2464 verbo
1372 2399 1675 2481 expressit,
1704 2403 1853 2478 quod
1884 2404 2252 2482 compunctio
2283 2420 2325 2458 s
2362 2401 2531 2459 dolor

308 2490 397 2543 sit
427 2487 704 2563 quaedam
734 2490 925 2547 cordis
954 2489 1174 2548 scissio.
1237 2489 1352 2547 Sed
1383 2493 1554 2548 Alex.
1587 2520 1602 2546 ι
1590 2499 1722 2548 -ῖ73Ἶ
1755 2489 1968 2563 eadem,
2007 2507 2119 2563 qua
2150 2507 2280 2559 nos,
2312 2485 2534 2544 silendi
2569 2556 2585 2561 μ

314 2575 559 2631 notione
606 2570 837 2630 videtur
882 2577 1186 2651 accepisse.
1285 2574 1643 2649 Hesychius.
1701 2568 2099 2654 καταιύγητε,
2157 2565 2528 2674 ἡάυχάσατε

314 2647 670 2755 λυπὴθητε,
716 2677 861 2732 quae
890 2661 1085 2737 glossa
1114 2659 1268 2717 haud
1300 2660 1468 2716 dubie
1497 2659 1570 2715 ad
1597 2658 1652 2715 h.
1682 2661 1718 2713 l.
1741 2661 2026 2735 pertinet.
2108 2660 2298 2721 ldem:
2340 2650 2528 2717 κατά-

317 2743 516 2816 νυξις·
587 2736 802 2824 ἡσυχία
855 2738 901 2823 ἢ
954 2739 1136 2824 λύπη.
1224 2742 1437 2803 Suidas
1489 2761 1749 2843 quoque:
1807 2742 2153 2821 κιταιυγῶ·
2223 2739 2358 2804 arci
2416 2736 2528 2802 τοῦ
2581 2787 2592 2791 «

315 2849 545 2889 σιωπω.
628 2828 780 2885 Nam
837 2848 871 2886 a
920 2832 1107 2905 prima
1147 2831 1309 2890 verbi
1353 2851 1807 2905 κατανισσομαι
1850 2830 2314 2916 significatione,
2371 2846 2527 2883 com-

300 2932 551 2993 pungor
592 2912 826 2988 dolore,
865 2913 1051 2971 facilis
1083 2925 1209 2974 erat
1243 2915 1528 2972 transitus
1563 2914 1636 2971 ad
1668 2923 2012 2992 cognatam,
2057 2934 2217 2992 prae
2259 2930 2527 2970 moerore

315 2997 512 3055 silere.
600 2997 819 3073 Syrus:
864 2999 1049 3056 dicite
1090 2995 1164 3058 in
1193 3000 1472 3058 cordibus
1512 3000 1739 3056 vestris
1778 3003 1840 3055 et
1884 3018 2065 3078 super
2110 2998 2390 3056 cubilibus
2424 3015 2524 3054 ve-

252 3131 260 3154 „
315 3083 466 3139 stris
495 3083 879 3155 meditamini,
918 3104 984 3143 ae
1015 3088 1066 3142 si
1094 3088 1156 3142 in
1188 3084 1453 3144 Hebraeo
1479 3086 1717 3164 legisset
1746 3080 1849 3145 ²:3⁷7
1869 3125 1887 3156 ,
1926 3082 2080 3161 quod
2114 3087 2297 3159 ipsum
2323 3088 2524 3139 exstat

313 3168 379 3225 in
412 3166 554 3225 cod.
590 3166 816 3237 Erfurt.
845 3171 1114 3231 secundo,
1198 3170 1318 3229 Sed
1359 3172 1423 3226 in
1464 3166 1606 3246 Syri
1647 3167 1785 3226 cod.
1826 3179 1963 3226 ante
2002 3173 2118 3232 η73““ι
2158 3169 2453 3241 particula
2495 3180 2521 3226 7

315 3251 563 3310 defuisse
594 3254 847 3313 videtur.
905 3253 988 3312 Ut
1019 3257 1201 3312 totius
1235 3254 1334 3317 Vs
1371 3273 1599 3310 sensum
1634 3255 2049 3329 exprimamus.
2085 3263 2279 3310 monet
2306 3251 2524 3330 hostes,

311 3346 381 3395 ut
408 3336 717 3413 aliquando
737 3339 964 3395 tandem
988 3351 1139 3396 metu
1159 3342 1345 3398 divini
1364 3339 1620 3410 numinis
1648 3357 1683 3393 a
1707 3340 1986 3402 maleficio
2014 3358 2134 3396 sese
2157 3339 2523 3407 contineant,

312 3439 457 3479 neve
491 3424 685 3478 animo
717 3425 1024 3500 praecipiti
1051 3434 1111 3483 et
1143 3413 1484 3501 perturbato
1519 3424 1820 3499 quiequam
1859 3434 2098 3503 gerant,
2149 3420 2252 3478 sed
2280 3423 2522 3506 silentio

311 3509 542 3581 noetis,
586 3527 713 3568 eum
743 3527 900 3564 mens
933 3510 1197 3588 omnibus
1239 3511 1396 3565 curis
1439 3525 1621 3564 vacua
1664 3518 1785 3582 est,
1845 3508 2159 3587 diligenter
2190 3509 2523 3582 exquirant,

311 3602 376 3651 et
417 3611 548 3651 eum
583 3593 793 3649 animis
828 3595 949 3651 suis
980 3595 1369 3667 considerent,
1411 3591 1551 3669 quid
1581 3609 1780 3650 verum
1816 3603 1872 3650 et
1902 3595 2058 3650 ratio
2088 3593 2421 3670 praecipiat.

485 3765 547 3820 6.
614 3757 850 3839 Offerte
897 3763 1217 3837 sacrificia
1255 3774 1451 3843 recta,
1489 3789 1563 3827 ac
1590 3764 1887 3842 fiduciam
1931 3770 2192 3819 vestram
2239 3760 2524 3818 collocate

310 3849 376 3905 in
406 3846 650 3907 Jehova.
709 3850 1040 3930 Alloquitur
1070 3846 1270 3907 hostes
1301 3869 1457 3928 suos,
1494 3873 1703 3929 eosque
1735 3848 2024 3918 hortatur,
2058 3855 2126 3904 ut
2157 3847 2525 3921 resipiscant,

311 3943 372 3991 et
402 3944 632 4009 peecata
663 3950 768 3987 sua
796 3936 1047 4008 expient.
1095 3935 1165 4001 Q.
1193 3935 1244 3991 d.
1276 3936 1327 3992 Ο
1361 3935 1683 4014 conjurati!
1727 3942 2021 4013 peceatum
2053 3942 2307 3989 vestrum
2334 3948 2521 4009 agno-

313 4019 495 4091 scite,
558 4026 618 4073 et
659 4019 722 4074 in
763 4019 918 4073 illius
957 4018 1347 4117 expiationem
1393 4024 1597 4081 offerte
1636 4019 1984 4078 sacrificium
2019 4016 2143 4073 Deo
2184 4026 2243 4072 et
2274 4022 2523 4091 sperate,

310 4120 418 4160 vos
467 4111 876 4159 consecuturos
928 4104 1173 4158 zeniam.
1260 4119 1392 4194 5373:
1440 4119 1587 4188 ἤι’-137
1634 4102 1953 4175 sacrificia
1989 4100 2317 4171 justitiae,
2363 4100 2525 4172 justa

312 4193 454 4242 sunt
485 4204 568 4257 ea,
601 4204 745 4261 quae
766 4189 926 4260 justo
958 4204 1027 4242 ae
1054 4189 1172 4267 legi
1202 4192 1579 4250 conveniente
1604 4193 1775 4250 modo
1806 4186 2153 4257 offeruntur,
2196 4196 2275 4242 ut
2290 4189 2390 4256 51,
2414 4186 2520 4241 21.

310 4267 511 4345 Neque
542 4282 734 4330 tamen
768 4271 1124 4346 repudianda
1153 4287 1243 4333 est
1281 4296 1481 4334 eorum
1523 4279 1845 4344 sententia,
1903 4272 2004 4347 qui
2048 4270 2189 4326 haee
2227 4273 2403 4329 verba
2446 4270 2523 4327 ad

314 4374 413 4413 eos
445 4353 701 4413 referant
716 4381 741 4427 ‚⁴
795 4355 897 4431 qui
934 4371 973 4414 a
1007 4354 1269 4422 Davidis
1297 4359 1588 4441 partibus
1628 4369 1855 4431 essent,
1905 4354 2017 4413 hoe
2046 4372 2252 4413 sensu:
2299 4356 2524 4435 exigite
