2807 4913
340 288 494 367 242
878 314 891 319 “
1197 296 1320 363 Ps.
1367 289 1488 379 36,
1552 280 1615 362 ι’.
1658 290 1748 360 α.’
1784 336 1789 342 -

348 483 536 540 sinam
565 446 715 537 meis·
739 478 932 537 verbis
960 494 1203 554 meoque
1235 477 1477 535 nomine
1511 479 1736 558 gratius
1768 445 1882 536 tibi
1916 496 2142 558 agere,
2184 487 2246 536 et
2286 477 2577 539 celebrare

295 607 298 610 -
345 565 624 625 beneficia
652 573 785 636 tua3
831 564 932 621 sed
961 565 1084 638 ipse
1115 563 1295 620 etiam
1328 583 1365 619 a
1396 583 1488 620 me
1518 576 1755 639 meaque
1785 563 1896 622 hoe
1922 565 2251 640 praestabo.
2318 563 2407 622 De
2443 576 2579 639 παπ

350 651 472 710 vid.
505 648 559 737 1,
587 650 648 705 2.
719 642 956 740 ῆῃξηη
991 643 1300 732 ffi'fi’bss.
1333 644 1513 705 Omni
1545 646 1641 705 die
1669 648 1899 706 laudem
1934 657 2117 724 taam,
2145 666 2224 706 sc.
2258 633 2577 709 celebraflo’.

1331 832 1380 893 P
1397 851 1449 892 s·
1493 835 1593 892 36.

522 950 761 1015 Initium
793 951 1070 1009 carminis
1110 950 1376 1029 queritur
1416 952 1484 1010 de
1523 949 1783 1009 moribus
1816 960 1874 1009 et
1906 952 2033 1011 vita
2074 953 2418 1030 impiorum,
2473 957 2576 1034 qui

353 1052 479 1101 tum
508 1048 737 1116 poetam
770 1037 1136 1108 exercebant,
1181 1056 1427 1113 quorum
1455 1055 1646 1093 mores
1680 1036 1849 1109 tales,
1895 1047 1954 1093 et
1985 1040 2223 1117 ingenia
2254 1061 2377 1100 esse
2411 1044 2573 1115 talia,
2617 1112 2628 1125 Ι

300 1152 308 1163 ’
354 1126 549 1202 qualia
578 1122 889 1190 describit,
936 1139 1065 1176 cum
1098 1124 1253 1178 malo
1282 1123 1559 1178 nimirum
1594 1140 1699 1178 suo
1729 1131 2037 1196 expertuS,
2073 1133 2142 1181 nt
2170 1125 2437 1198 videtur,
2483 1125 2575 1183 d'i-

355 1211 591 1268 dicerat.
651 1205 868 1264 Tu'rbis
898 1215 1090 1263 autem
1117 1208 1183 1263 in
1210 1208 1352 1278 vita,
1378 1224 1525 1282 quae
1554 1204 1624 1261 ab
1652 1205 1742 1262 his
1773 1208 2056 1281 existunt,
2088 1218 2146 1266 et
2174 1210 2329 1285 quod
2364 1214 2577 1269 tolerat

355 1309 455 1352 eos
484 1292 662 1363 Jova,
705 1299 765 1348 et
797 1292 1029 1365 impune
1064 1292 1322 1370 grassari
1357 1293 1536 1362 sinit,
1579 1288 1671 1346 his
1704 1291 1895 1367 igitur
1927 1309 2000 1347 ne
2031 1286 2419 1366 offendamur,
2466 1314 2575 1368 op-

359 1381 528 1455 ponit
562 1374 694 1432 inde
727 1392 764 1431 a
791 1373 889 1431 Vs.
921 1377 978 1431 6.
1014 1375 1536 1459 considerationem
1566 1375 1998 1450 providentiae,
2041 1380 2358 1454 potentiae,
2393 1381 2573 1453 justi-

357 1465 494 1534 tiae‚
539 1470 709 1536 atque
737 1460 1004 1516 veritatis
1034 1458 1168 1531 Dei,
1201 1460 1411 1536 quibus
1442 1461 1768 1539 sicutameu,
1801 1464 2170 1536 quantumvis
2200 1464 2569 1521 turbantibus

357 1540 570 1622 imp‘iis,
612 1544 888 1600 mundum
919 1545 1017 1623 ille
1053 1543 1227 1615 hunc,
1271 1553 1330 1599 et
1360 1561 1544 1623 genus
1580 1542 1924 1617 humanum,
1970 1553 2376 1623 creaturasque
2408 1566 2566 1621 suas,

358 1641 416 1688 et
461 1631 643 1699 vitam
684 1627 835 1687 hanc
876 1628 1472 1705 perturbatissimam,
1553 1629 1963 1686 administrare
2016 1641 2074 1688 et
2125 1633 2448 1711 gubernare
2506 1651 2566 1688 se

359 1712 634 1772 ostendit.
684 1700 845 1770 Hinc
873 1711 1060 1769 Deum
1090 1721 1283 1791 rogat,
1314 1722 1380 1769 ut
1407 1711 1517 1768 hac
1550 1731 1655 1769 sua
1684 1713 2048 1796 benignitate
2080 1735 2147 1772 ac
2174 1716 2572 1774 misericordia

256 1784 275 1809 l
356 1799 614 1857 cultores
647 1814 784 1853 suos
815 1797 1107 1875 dignetur,
1151 1806 1209 1852 et
1236 1796 1602 1854 commendat
1627 1796 1917 1872 pios2Deo
1954 1801 2016 1855 in
2050 1819 2284 1879 genere,
2326 1811 2385 1858 et
2415 1797 2571 1858 iuter

354 1885 463 1942 hos
502 1902 562 1939 sc
595 1883 769 1938 etiam
799 1899 867 1936 ac
888 1899 1048 1936 suam
1086 1898 1350 1954 causam,
1388 1883 1649 1957 petitque
1686 1901 1747 1939 se
1775 1885 2005 1963 protegi
2035 1885 2308 1942 adversus
2340 1888 2572 1962 impios,

355 1969 566 2045 quibus
598 1975 654 2022 et
680 1964 778 2021 Vs.
813 1965 908 2025 13.
946 1967 1246 2023 interitum
1280 1975 1499 2023 certum
1529 1966 1827 2040 praedicit.
1879 1999 1953 2010 —-
2001 1968 2234 2026 Similes
2265 1980 2405 2026 sunt
2434 1970 2572 2027 huic

354 2051 586 2117 Psalmo
625 2049 999 2121 duodecimas
1040 2061 1098 2107 et
1137 2050 1394 2108 decimas
1435 2061 1709 2127 quartas.
1793 2051 1993 2128 Neque
2031 2064 2222 2111 tamen
2260 2063 2570 2132 propterea

354 2134 512 2200 hunc
543 2136 663 2191 illis
695 2131 1023 2216 συγχρονὸν
1059 2155 1185 2193 esse
1216 2143 1470 2194 statuere
1501 2153 1731 2193 necesse
1762 2146 1868 2194 est.
1996 2194 2001 2199 ,

529 2238 584 2294 1.
667 2234 814 2326 Ἶῃξ
857 2237 1016 2325 π’]πῑ
1059 2234 1220 2322 5:333}
1258 2233 1436 2294 Servi
1456 2232 1722 2307 Domini,
1757 2232 2044 2295 Davisii&
2118 2237 2570 2320 subjunguntur

356 2323 471 2382 sibi
497 2320 639 2379 haec
667 2315 1030 2397 nom'ina'pei·
1057 2312 1498 2398 appositionem,
1538 2330 1596 2377 et
1626 2320 1857 2397 quidem
1885 2322 1998 2394 ita,
2042 2331 2109 2379 ut
2136 2335 2269 2382 ante
2300 2323 2459 2390 *3255
2488 2329 2569 2385 sit

353 2405 808 2466 subaudiendum
847 2409 1048 2469 *3572372
1077 2405 1378 2479 Psalmus,
1431 2404 1557 2485 *5245
1593 2405 1925 2478 canticum,
1988 2417 2092 2463 aut
2128 2409 2289 2467 aliud
2330 2411 2567 2492 aliquod

350 2514 432 2554 ex
463 2492 556 2550 Ps.
588 2494 649 2564 4,
683 2494 738 2550 l.
778 2490 838 2564 5,
873 2495 924 2549 l.
968 2471 1050 2563 (ᾖ
1071 2496 1122 2549 1.
1158 2494 1219 2565 8,
1254 2498 1305 2552 l.
1335 2492 1599 2566 aliisque.
1660 2489 1925 2547 Ornatur
1951 2493 2011 2547 in
2043 2489 2152 2549 hac
2181 2494 2566 2568 inscriptione

302 2601 309 2608 ·
352 2576 612 2637 Davides
646 2575 927 2651 peculiari
960 2578 1187 2655 elogio,
1233 2586 1302 2634 ut
1330 2593 1574 2649 servas,
1612 2577 1735 2633 sive
1767 2574 1963 2631 cultor
1996 2573 2185 2633 Jovao
2228 2579 2564 2655 appelletur,

353 2662 431 2721 id
454 2658 609 2738 quod
644 2659 713 2717 fit
743 2662 918 2717 etiam
948 2663 1013 2718 in
1046 2663 1229 2719 titulo
1265 2660 1361 2718 Ps.
1399 2661 1531 2734 18.‚
1580 2671 1639 2718 et
1669 2661 1733 2716 in
1763 2657 1854 2714 his
1888 2661 2117 2735 quidem
2147 2662 2367 2721 duobus
2401 2666 2564 2736 solis,

353 2756 422 2804 ut
477 2763 630 2802 unus
681 2754 740 2802 et
793 2744 945 2802 idem
994 2747 1396 2822 inscriptionis
1444 2748 1747 2823 utriusque
1795 2754 1999 2802 auctor
2045 2745 2229 2806 fuisse
2276 2743 2598 2806 videatur(

354 2830 507 2890 Nam
547 2847 583 2886 a
620 2827 867 2886 Psalmis
911 2832 1050 2907 ipsis
1090 2850 1235 2907 quae
1270 2823 1591 2908 probabilis
1629 2847 1803 2888 causa
1838 2830 2153 2886 mentionis
2188 2834 2322 2889 talis
2364 2832 2564 2892 afferri

348 2916 557 2994 possit,
592 2932 712 2971 non
741 2913 931 2971 video.
985 2912 1140 2973 Idem
1173 2916 1478 2995 dignitatis
1514 2934 1561 2973 s.
1591 2913 1830 2972 honoris
1862 2915 2072 2971 titulus
2100 2913 2254 2974 Mosi
2282 2918 2562 2978 tribuitur

346 2999 522 3062 Num.
557 3000 657 3072 12,
686 3001 745 3055 7.
788 2997 963 3056 Deu't.
998 3000 1103 3073 34,
1137 3006 1194 3062 5.
1237 3001 1357 3059 Jos.
1397 3002 1457 3073 1,
1484 3001 1538 3057 l.
2389 3077 2392 3080 Δ

500 3101 579 3168 2.
643 3093 760 3179 *alf
791 3107 969 3184 ἔπ’-,ζῇς
1011 3096 1187 3165 xvj-lb
1230 3112 1365 3181 sapa·
1381 3107 1557 3182 *033³
1591 3098 1750 3159 Haec
1779 3102 1956 3161 verba
1988 3123 2108 3162 non
2138 3122 2258 3162 uno
2284 3103 2456 3162 modo
2487 3104 2560 3161 ab

220 3223 225 3224 ff
279 3157 289 3211 δ
346 3185 763 3262 interpretibus
799 3167 1192 3260 explicantur?
1265 3178 1456 3263 At'que
1488 3164 1697 3244 n'dmen
1732 3193 1845 3277 0133
1875 3191 2105 3264 quidem
2136 3190 2290 3265 quod
2322 3175 2557 3260 attinet,

268 3275 275 3281 “
349 3271 507 3348 quod
534 3272 664 3347 plus
699 3269 915 3326 centies
949 3267 1012 3326 in
1042 3268 1108 3326 V.
1137 3270 1211 3331 T.
1249 3282 1478 3343 exstat,
1536 3290 1756 3347 semper
1798 3265 1859 3330 id
1892 3276 2130 3349 ponitur
2161 3276 2223 3331 in
2249 3270 2557 3352 regimine,

349 3357 438 3413 ita
482 3366 549 3412 ut
596 3371 838 3430 sequens
887 3355 1184 3430 genitivus
1227 3357 1493 3434 designet
1534 3375 1842 3431 personam
1892 3359 2220 3434 loquentem
2274 3356 2556 3436 (excepto

348 3440 463 3498 Jer.
493 3441 598 3513 23,
621 3439 758 3512 31.,
804 3437 904 3494 ubi
937 3439 1006 3497 de
1036 3437 1560 3518 Pseudoprophetis
1598 3446 1712 3516 015:
1756 3440 2057 3520 megan),
2102 3456 2170 3500 ut
2207 3444 2557 3521 πῆΠῗ-Εζεΰ

351 3525 578 3584 dictum
610 3527 824 3597 Jovae,·
874 3524 997 3600 ‘imo
1039 3544 1260 3603 semper
1301 3544 1431 3582 cum
1472 3506 1804 3583 nominibus
1837 3506 1951 3585 ljei
1987 3510 2361 3602 conjunctum'
2388 3508 2558 3602 repe-f

345 3611 536 3682 ritur‚
576 3609 830 3684 exceptis
862 3604 1010 3666 locis
1040 3609 1214 3669 Num.
1244 3613 1347 3681 24,
1378 3608 1436 3667 3.
1472 3616 1528 3669 4.
1568 3608 1659 3668 15.
1694 3612 1824 3685 16„
1867 3611 1969 3669 ubi
1998 3612 2069 3669 de
2100 3614 2254 3670 dicto
2286 3610 2572 3683 Bileamis

344 3691 563 3752 2Sam.
596 3699 700 3766 23,
737 3695 826 3764 1.,
878 3695 978 3751 ubi
1010 3694 1079 3751 de
1106 3694 1352 3755 Davidis
1385 3693 1579 3766 dicto,
1640 3692 1815 3754 Prov.
1848 3697 1953 3767 30,
1991 3700 2077 3771 1.,
2139 3697 2240 3753 ubi
2281 3695 2350 3752 de
2392 3694 2550 3751 dicto

347 3776 566 3859 Aguris
609 3777 683 3834 ad
714 3776 973 3835 lthielem
1006 3771 1358 3857 usurpatur,
1413 3788 1470 3836 et
1510 3780 1754 3857 denique
1795 3780 1906 3839 hoc
1946 3783 2092 3839 loco.
2174 3779 2331 3837 Hinc
2368 3779 2552 3834 inter-

345 3873 568 3939 pretum
605 3862 872 3919 nonnulli
897 3861 1188 3922 Jarchium
1224 3865 1476 3941 sequuti,
1512 3884 1710 3923 vocem
1746 3866 1880 3954 »ζῇ
1906 3864 2385 3943 praevaricatio,
2421 3861 2477 3920 h.
2511 3863 2554 3920 l.

347 3949 433 4004 ita
468 3948 795 4021 accipiunt,
854 3965 923 4003 ac
964 3951 1015 4004 si
1050 3969 1151 4023 per
1190 3951 1667 4026 prosopopoeiam
1699 3951 2103 4008 introducatur
2128 3950 2401 4024 Nequitia
2434 3950 2549 4006 im-

342 4033 604 4107 piorum,
649 4033 995 4107 proloquens
1033 4031 1263 4089 effatum
1297 4035 1445 4104 tale,
1505 4053 1579 4091 ex
1625 4054 1738 4109 quo
1781 4038 1924 4090 satis
1966 4041 2275 4108 appareat,
2330 4034 2547 4091 nullam

343 4116 494 4190 apud
525 4114 627 4172 hos
661 4116 908 4190 reperiri
944 4120 1330 4173 reverentiam
1363 4119 1645 4175 numiniS.'
1731 4119 1832 4175 Sic
1867 4117 2134 4175 Mendelii
2179 4118 2365 4175 filius:
2413 4114 2547 4174 Das

341 4196 560 4256 Laster
585 4201 842 4279 predigt
870 4195 1049 4256 solbet
1083 4200 1208 4256 dem
1239 4199 1485 4257 Frevler
1523 4200 1620 4279 (so
1650 4200 1821 4258 denk'
1849 4200 1944 4258 ich
1977 4204 2092 4260 mir
2123 4204 2201 4260 im
2228 4199 2546 4279 Herzen).·

337 4280 571 4342 Farclzt
601 4282 817 4340 Gottes
861 4301 964 4361 sey
1001 4302 1111 4341 vor
1146 4281 1361 4342 dein'en
1396 4286 1603 4364 Augen
1640 4288 1769 4344 m'e!
1847 4286 2253 4346 Recentiorum
2289 4284 2547 4363 plerique
2625 4339 2630 4350 f

248 4411 251 4418 .
330 4383 440 4445 pro
488 4364 596 4435 aab
637 4369 941 4447 legendum
980 4381 1192 4449 putant
1233 4364 1373 4452 ³1:2⁷2,
1443 4370 1598 4451 quod
1641 4384 2053 4453 expresserunt
2090 4372 2554 4443 Alexandrinus,'·
