2807 4913
334 290 488 368 ⁸158
1188 293 1309 364 Pa.
1353 289 1475 378 24,
1539 315 1594 360 1.
1634 314 1697 360 2.

336 485 539 543 Vitatis
575 483 679 552 91,
711 482 808 538 16.
848 475 1030 538 Deut-
1061 480 1167 552 30,
1192 480 1298 537 20.
1343 475 1522 537 Prov.
1555 435 1618 549 3,
1645 480 1707 535 2.
1736 479 1832 536 16.
1895 474 2069 539 Prius
2102 425 2553 552 substantivum,

337 575 513 656 grite,
553 569 683 626 loco
718 565 1011 642 adjectivi,
1055 576 1122 625 ut
1161 565 1259 637 14,
1287 567 1385 637 7.,
1423 582 1589 642 quem
1627 564 1737 621 loc.
1769 563 1841 622 cf.

1316 746 1434 809 Ps.
1467 748 1575 822 24.

512 870 758 931 Carmen
797 870 909 928 hoc
950 879 1068 927 tres
1109 867 1284 927 habet
1324 878 1533 944 partes.
1622 860 1816 923 Prima
1847 865 2100 925 celebrat
2131 864 2309 926 Jovae
2341 876 2551 945 poten-

341 961 481 1017 tiam
513 971 570 1015 et
597 958 950 1030 majestatem
988 953 1116 1032 (Vs.
1148 957 1200 1010 1.
1231 948 1352 1031 2.)3
1409 953 1657 1010 secunda
1685 952 1880 1022 docet,
1926 955 2123 1029 quales
2154 971 2214 1009 se
2251 963 2550 1028 praestare

343 1042 586 1100 debeant
628 1043 708 1111 ii,
763 1043 862 1116 qui
906 1042 1054 1096 tanti
1092 1037 1207 1095 Dei
1251 1040 1375 1095 veri
1421 1039 1670 1094 cultores
1714 1034 1946 1108 haberi,
2003 1047 2061 1094 et
2103 1037 2308 1094 horum
2352 1037 2550 1096 coetui

340 1128 585 1206 adiungi
618 1126 805 1182 velint
838 1123 1085 1199 (3—5.
1089 1121 1137 1197 ).
1221 1122 1287 1179 ln
1321 1123 1493 1179 tertia
1524 1133 1687 1197 parte
1714 1128 1911 1191 vates»,
1950 1122 2206 1200 eleganti
2237 1140 2373 1178 usus
2406 1142 2570 1198 pro-0

304 1281 311 1286 =
340 1212 683 1287 sopopoeia,
735 1212 889 1284 ipsas
923 1208 1164 1264 sacrarii
1193 1220 1389 1282 portas
1421 1209 1759 1281 compellat,
1802 1224 1943 1280 quas
1984 1205 2284 1277 hortatur,
2332 1218 2398 1262 ut
2429 1210 2546 1262 late

339 1296 667 1373 pandantur
701 1295 1049 1372 ingredienti
1085 1311 1252 1348 arcae
1291 1295 1415 1348 sive
1456 1294 1686 1365 potius,
1730 1291 1890 1362 cujus
1930 1289 2068 1346 haec
2110 1292 2301 1360 sedes»,
2359 1285 2544 1347 Jovae

342 1382 477 1455 Opt.
518 1376 669 1435 Max.
657 1419 704 1451 .,
762 1379 922 1450 cujus
964 1379 1150 1433 virtus
1192 1385 1250 1432 et
1290 1377 1630 1453 magnitudo
1677 1372 1881 1429 dehinc
1923 1377 2153 1431 sublimi
2197 1375 2543 1453 dialogismo

338 1464 704 1542 praedicatur
739 1462 808 1535 (7
834 1494 910 1503 —
936 1464 1033 1520 10.
1043 1459 1089 1534 ).
1147 1491 1228 1505 -
1280 1460 1513 1526 Veteres
1557 1479 1628 1516 ex
1657 1457 1935 1540 Hebraeis
1977 1461 2320 1534 interpretes
2357 1458 2544 1516 Davi-

340 1551 470 1618 dem
502 1549 776 1605 cecinisse
809 1544 918 1603 hoc
951 1565 1180 1603 carmen
1217 1547 1586 1616 existimant,
1631 1533 1931 1618 postquam
1966 1546 2199 1600 oraculo
2231 1547 2382 1601 vatis
2412 1542 2543 1601 Gad

339 1641 491 1700 esset
529 1631 857 1687 admonitus
897 1631 964 1686 de
1001 1621 1164 1701 loco,
1221 1632 1280 1685 in
1324 1647 1438 1701 quo
1477 1628 1623 1684 Jova
1663 1628 1774 1683 sibi
1811 1629 1984 1683 vellet
2019 1630 2288 1702 templum
2317 1627 2545 1685 exstrui

326 1713 411 1794 ·(2
433 1715 587 1774 Sam.
624 1716 721 1787 14,
751 1717 920 1771 18—-
940 1718 1040 1774 24.
1074 1717 1201 1770 coll.
1236 1718 1261 1771 l
1287 1712 1423 1770 Chr.
1450 1714 1552 1784 21,
1589 1713 1659 1767 18
1692 1742 1773 1751 --
1803 1712 1906 1782 22,
1937 1707 2077 1784 19.).
2139 1712 2375 1769 Factum
2401 1730 2540 1770 vero
2625 1703 2633 1716 ⁹

337 1798 452 1859 hoc
487 1821 521 1858 a
563 1802 658 1875 pio
694 1819 831 1878 rege
872 1818 938 1855 eo
981 1801 1226 1855 consilio
1274 1816 1432 1870 esse,
1488 1806 1556 1853 ut
1594 1798 1906 1853 instrueret
1948 1796 2314 1854 Salomonem
2350 1798 2541 1854 filium

336 1884 591 1962 hymno,
636 1903 748 1959 quo
783 1891 1069 1954 uteretur,
1121 1882 1349 1959 quando
1390 1900 1526 1939 arca
1567 1899 1730 1937 sacra
1772 1897 1845 1935 ex
1889 1881 2258 1937 tabernaculo
2301 1883 2539 1939 Sionico

338 1970 406 2026 in
441 1970 634 2026 aedem
672 1985 922 2040 novam,
982 1987 1153 2043 quam
1184 1967 1419 2024 Salonio
1462 1968 1516 2022 ei
1557 1974 1958 2042 exstructurus
2000 1977 2153 2036 erat,
2208 1965 2539 2024 inferretur.

338 2051 709 2111 Recentiores
741 2072 879 2108 vero
913 2055 1274 2151 interpretes
1285 2053 1655 2107 consentiunt
1690 2049 1808 2106 fere
1850 2051 1913 2105 in
1941 2050 2047 2106 hac
2079 2054 2398 2123 sententia,
2440 2050 2538 2107 Ps.

336 2135 494 2194 hunc
527 2139 901 2236 compo-situm
931 2156 1052 2193 esse
1087 2138 1388 2194 occasione
1420 2137 1673 2194 solennis
1709 2153 1979 2209 pompae,
2027 2153 2138 2209 qua
2169 2146 2542 2192 sacrosancta

337 2216 522 2280 Jovae
553 2241 687 2278 arca
716 2224 779 2278 in
798 2233 1060 2280 montem
1093 2223 1329 2278 sionem
1361 2220 1738 2278 inducebatur
1774 2219 1793 2294 (
1810 2217 2019 2276 2Sam.
2054 2222 2111 2275 6.
2158 2221 2184 2274 l
2215 2219 2347 2277 Chr.
2380 2221 2452 2277 15
2460 2218 2534 2298 .)
2518 2260 2537 2292 ,

272 2361 275 2366 2
337 2315 409 2364 ut
439 2308 623 2385 igitur
649 2305 743 2362 Ps.
778 2305 873 2362 15.
907 2309 984 2361 sit
1028 2328 1386 2388 συγχροιος,
1430 2326 1557 2363 cum
1589 2323 1701 2379 quo
1735 2323 1874 2361 sane
1908 2306 2157 2380 plurima
2183 2304 2351 2364 habet
2378 2324 2538 2362 com-

337 2394 558 2452 munia·
640 2389 909 2447 Attamen
958 2403 1182 2470 portae
1236 2401 1519 2449 aeternae
1579 2386 1705 2460 (Vs.
1751 2393 1806 2446 7.
1817 2388 1845 2464 )
1904 2408 2076 2465 quum
2122 2392 2303 2447 multo
2346 2391 2537 2470 magis

307 2468 587 2552 ›templo,
644 2494 812 2551 quam
855 2477 1228 2534 tabernaculo
1275 2486 1376 2533 aut
1405 2480 1540 2537 arci
1583 2472 1822 2531 Sioniae
1866 2477 2245 2547 conveniant3
2307 2478 2537 2543 mallem

336 2562 406 2619 in
449 2561 634 2633 priori
678 2562 963 2621 sententia
1007 2563 1386 2637 acquiescere.
1472 2560 1740 2617 Ceterum
1787 2578 2015 2615 carmen
2057 2561 2294 2616 alternis
2341 2560 2535 2617 choris

335 2644 400 2702 in
430 2647 556 2719 ipsa
584 2644 809 2700 solenni
840 2661 1047 2721 pompa
1081 2655 1372 2701 cantatum
1405 2645 1617 2717 fuiss'e,
1655 2642 1808 2700 haud
1840 2646 2030 2719 inepte
2065 2646 2427 2702 concluditur
2462 2661 2537 2702 ex

335 2725 465 2786 Vss.
497 2731 553 2784 3.
581 2731 645 2787 4.
679 2733 738 2788 8.
822 2728 1059 2807 Singuli
1092 2749 1228 2787 vero
1268 2729 1431 2786 chori
1464 2729 1631 2802 hujus
1663 2731 2019 2804 aliorumque
2049 2728 2403 2785 Psalmorum
2436 2748 2537 2785 ac-

336 2815 594 2871 curatius
638 2812 903 2879 discerni
928 2817 1032 2871 vix
1070 2815 1327 2890 poterint
1363 2833 1399 2869 a
1441 2816 1643 2886 nobis,
1684 2805 1785 2889 qui
1820 2815 1882 2870 in
1914 2832 2134 2885 summa
2163 2815 2535 2894 ignoratione

330 2913 629 2956 versamur
663 2895 808 2954 artis
840 2900 1090 2956 musicae
1118 2907 1375 2955 veterum
1411 2897 1817 2956 Hebraeorum.

507 3013 563 3073 l.
600 3014 660 3070 2.
742 3022 938 3102 γἿΝἿ
995 3008 1202 3099 ΠᾎΓιιξ
1241 3004 1433 3071 Jovac
1472 3024 1566 3070 est
1605 3024 1810 3088 terra,
1871 3015 2131 3092 quamvis
2176 3014 2533 3078 diversarum

329 3099 638 3177 regionum
668 3100 820 3155 varii
861 3101 981 3154 sint
1025 3079 1280 3173 domini,
1337 3116 1635 3171 supremus
1673 3111 1867 3158 tamen
1906 3103 2233 3157 dominator
2274 3105 2532 3160 omnium

330 3195 420 3241 est
448 3182 610 3239 Jova.
693 3178 907 3244 ‘'³me
943 3182 1028 3238 Et
1048 3183 1364 3261 plenitudo
1395 3202 1544 3256 epus,
1589 3187 1859 3260 quicquid
1891 3187 1985 3242 vel
2017 3187 2200 3256 intra,
2230 3188 2324 3242 vel
2356 3205 2459 3261 ειη
2445 3206 2531 3244 ra

329 3276 521 3324 terrae
551 3250 786 3346 globuli}
821 3248 1185 3335 continetur,
1230 3268 1503 3344 quicquid
1538 3270 1773 3327 eandem
1802 3270 2015 3347 replet.
2100 3266 2268 3347 tebni,
2271 3269 2532 3328 formae

331 3352 511 3444 nnn,
554 3350 846 3428 significat
886 3352 980 3423 id,
1024 3353 1177 3428 quod
1209 3356 1581 3430 capacitatem
1617 3356 1869 3429 aliquam
1902 3356 2120 3428 replet,
2161 3372 2214 3410 v.
2250 3373 2299 3410 c.
2336 3358 2531 3434 pugil-

326 3418 481 3506 lum,
527 3432 668 3491 coh.
703 3436 764 3507 4,
792 3438 850 3492 6.
900 3437 1076 3495 Amos
1106 3438 1166 3509 6,
1195 3437 1251 3493 8.
1337 3434 1472 3516 bnt-2
1509 3438 1702 3510 orbis,
1753 3457 1834 3495 sc.
1867 3448 1956 3495 est
1993 3436 2203 3508 Jeme,
2247 3441 2400 3514 quod
2440 3450 2532 3497 est

325 3519 718 3594 repetendum.
798 3519 909 3576 Est
941 3531 1133 3580 autem
1167 3518 1291 3585 ²0:3¹7
1333 3521 1496 3577 orbis
1531 3520 1889 3593 habitabilia,
1926 3522 2245 3601 οἰκουμένη
2289 3522 2529 3580 Graecis

327 3602 518 3674 dicta,
567 3622 743 3703 quare
776 3614 836 3661 et
871 3604 928 3662 h.
958 3610 995 3663 l.
1038 3608 1234 3662 statim
1268 3609 1528 3681 sequitur
1558 3607 1626 3664 de
1659 3609 1779 3680 eius
1807 3607 2034 3663 incolis.
2115 3617 2259 3689 ὙἾΝ
2297 3617 2356 3663 et
2400 3606 2527 3672 :2²7

326 3686 443 3743 sibi
476 3689 726 3745 invicem
762 3684 1141 3764 respondent3
1181 3688 1253 3746 cf.
1289 3687 1391 3761 50,
1425 3693 1520 3747 12.
1606 3701 1697 3751 1⁸7:
1743 3690 1923 3783 Ἦιρῆ
1968 3684 2055 3747 Et
2097 3708 2291 3747 omnes
2327 3694 2430 3769 qui
2460 3694 2528 3749 in

322 3785 397 3826 ca
436 3769 731 3829 habitant.
815 3773 1193 3851 Participium
1238 3776 1477 3850 ponitur
1517 3776 1581 3830 in
1616 3760 1931 3855 regimine,
1991 3778 2128 3851 quia
2170 3776 2523 3836 substantivi

320 3865 590 3913 naturam
638 3857 909 3929 induit,
936 3877 1289 3936 sequensque
1344 3878 1509 3933 pron.
1567 3871 1657 3919 ΠΡ..
1710 3858 1886 3916 habet
1933 3861 2220 3917 rationem
2282 3864 2523 3919 alterius
2587 3868 2590 3877 “

319 3939 709 4039 substantivi,
765 3952 834 3999 ut
870 3942 964 3998 Ps.
1002 3945 1191 4016 2,12.
1234 3944 1302 4002 ‘m
1350 3947 1521 4006 'virl-
1578 3974 1667 3987 --
1722 3949 1782 4004 2.
1837 3954 1998 4004 mo*
2035 3974 2126 3987 -·
2161 3956 2233 4021 ’ξι
2277 3944 2429 4002 Nam
2468 3949 2524 4004 is

319 4039 513 4100 supra
551 4025 749 4083 maria
774 4025 1077 4098 fundavit
1116 4045 1277 4098 cam,
1333 4029 1565 4107 insigne
1606 4028 1835 4086 divinae
1877 4007 2172 4102 potentiae
2212 4049 2528 4108 argumen-

317 4116 461 4164 tum.
543 4109 918 4169 Aedificaturi
961 4111 1221 4171 homines
1266 4129 1499 4185 operam
1542 4113 1717 4185 dant,
1780 4121 1847 4169 ut
1886 4110 2257 4171 fundamenta
2302 4125 2527 4190 ponant

314 4191 382 4248 in
420 4194 563 4252 loco·
592 4194 785 4250 solido
827 4204 889 4250 et
928 4196 1200 4270 immot03
1263 4206 1468 4253 contra
1510 4206 1700 4254 autem
1739 4195 1898 4254 Deus
1939 4207 2157 4254 tantam
2203 4198 2357 4258 orbis
2396 4219 2526 4256 ma-

308 4274 544 4336 chinam
601 4280 992 4354 superstruxit
1033 4283 1182 4340 mari
1226 4298 1295 4341 ac
1338 4280 1695 4344 fluminibus.
1784 4280 1876 4342 cf.
1931 4281 2019 4341 ad‘
2056 4282 2171 4358 18,
2216 4285 2317 4345 16.
2380 4287 2517 4344 coll.

314 4361 470 4433 136,
511 4367 572 4423 6.
2057 4376 2062 4379 “
