2807 4913
385 300 540 384 sm
758 286 772 302 ‘
1022 297 1591 422 rubam.
1692 245 1986 379 Pede.

387 510 501 553 rex
528 487 886 550 constitutus
913 488 1027 563 sit,
1065 489 1168 548 sed
1202 487 1359 566 qnod
1392 491 1657 572 agnitas,
1696 488 2478 569 admirabiliumqnererum
2511 512 2625 573 ge-

392 588 614 637 starum
640 574 1056 652 perspicuitate
1083 574 1436 632 declaratus.
1519 573 1769 647 Deinde,
1810 575 1968 651 qnod
1982 579 2151 655 regis
2180 587 2269 633 est
2296 578 2622 653 proprium,

391 673 463 721 ut
486 659 747 719 insidens
771 655 986 716 throno
1009 659 1228 732 judicia
1258 670 1549 732 exerceat,
1583 661 1733 718 idem
1762 660 1833 717 de
1861 658 1990 718 Deo
2020 660 2215 719 canit:
2252 659 2421 717 Deus
2452 662 2624 719 sedet

395 748 461 803 in
496 745 708 803 throno
738 760 845 802 suo
878 752 1115 814 sancto,
1160 761 1274 819 quo
1304 743 1526 801 coelum
1562 745 1903 823 significari,
1939 755 2101 822 patet
2130 764 2205 803 ex
2232 744 2331 802 Ps.
2359 744 2499 817 103,
2527 749 2622 803 19.

392 829 562 889 Deus
619 829 685 887 in
742 827 923 885 coelis
975 829 1248 907 paravit,
1287 828 1503 886 solium
1559 847 1764 891 suum:
1842 838 1906 886 ee
1966 848 2153 906 regno
2207 828 2341 902 ojus
2398 841 2621 888 cuncta

399 913 818 987 subjiciuntur.
903 912 1181 971 Non1uni
1212 915 1555 989 provinciae
1594 915 1864 991 partique
1896 923 2185 972 terrarum
2218 917 2496 990 imperat,
2552 924 2621 973 ut

395 999 532 1057 falsi
563 998 650 1056 dii
677 999 781 1055 alii
816 998 947 1055 aliis
983 999 1159 1055 terris
1186 1015 1454 1074 praeesse
1482 1008 1783 1076 putantur,
1828 999 1927 1057 sed
1959 1000 2118 1056 sedet
2145 1001 2209 1057 in
2243 999 2425 1071 coelo,
2465 1000 2627 1077 quod

398 1104 574 1163 quum
606 1085 689 1141 sit
721 1082 986 1139 omnibus
1017 1079 1191 1141 terris
1224 1084 1550 1155 excelsius,
1597 1085 1893 1160 sequitur,
1945 1093 2014 1140 ut
2045 1085 2131 1157 is,
2183 1086 2285 1160 qui
2326 1085 2389 1140 in
2433 1086 2621 1157 coelo,

398 1179 674 1245 tanquam
704 1169 768 1225 in
800 1165 1046 1239 throno,
1085 1166 1276 1239 sedet,
1319 1168 1586 1225 omnibus
1614 1166 1980 1242 dominetur,
2021 1171 2280 1278 omnium
2313 1169 2395 1225 sit
2415 1169 2624 1243 judex,

401 1254 596 1316 omnia
630 1272 737 1330 pro
774 1271 881 1310 suo
915 1252 1162 1310 arbitrio
1193 1252 1545 1314 moderetur.

565 1370 669 1427 10.
756 1368 911 1437 Quia
939 1366 1153 1449 Regem
1187 1370 1576 1444 appellaverat
1602 1366 1826 1444 Deum,
1867 1388 2064 1450 regem
2092 1389 2233 1428 vero
2270 1389 2468 1429 ereare
2498 1389 2623 1429 non

397 1455 644 1528 licebat,
695 1455 818 1512 nisi
859 1453 1223 1529 principibus
1263 1453 1466 1530 populi
1507 1456 1742 1529 accitis,
1802 1466 1862 1512 et
1898 1456 1972 1513 ad
2015 1457 2253 1513 comitia
2294 1455 2623 1529 advocatis,

331 1575 345 1585 -
394 1540 628 1614 illisque
669 1558 895 1596 summo
937 1556 1222 1595 consensu
1262 1556 1385 1595 rem
1419 1538 1901 1640 approbantibus,
1953 1538 2074 1599 vid.
2109 1541 2150 1596 2
2167 1539 2623 1613 Sm.5‚1.3.‚

397 1622 468 1687 cf.
496 1622 672 1681 Dent.
681 1621 898 1698 33,5.;
944 1622 1018 1679 ad
1047 1621 1203 1680 hanc
1235 1623 1710 1680 consuetudinem
1740 1627 2087 1701 respiciens,
2106 1627 2211 1696 ait,
2234 1633 2371 1683 vere
2401 1623 2621 1703 Regem

305 1737 308 1746 ·
396 1725 523 1765 esse
552 1705 744 1765 Deum
773 1707 1032 1763 omnium
1064 1709 1452 1807 populorum,
1501 1725 1620 1763 non
1660 1710 1845 1765 solum
1888 1711 2029 1786 quia
2068 1721 2282 1767 natura
2314 1708 2475 1767 Deus
2511 1720 2621 1781 est,
2734 1717 2753 1724 ”

395 1810 600 1851 verum
628 1794 805 1850 etiam
841 1793 1224 1849 consensione
1261 1791 1603 1867 principum,
1626 1795 1802 1872 regni
1838 1797 1966 1867 sui,
2026 1793 2140 1851 hoc
2166 1804 2301 1865 est,
2354 1795 2623 1852 universi
2650 1823 2671 1829 -

397 1884 688 1937 terrarum
728 1876 926 1935 orbis·
979 1872 1300 1954 Principes
1343 1873 1713 1952 populorum
1749 1876 2089 1955 adjungant
2128 1898 2193 1937 se
2230 1877 2455 1956 populo
2500 1876 2624 1935 Deo·

394 1956 762 2031 abrahami,
796 1959 1082 2033 subjectos
1113 1961 1227 2018 sibi
1252 1962 1499 2038 populos
1524 1979 1722 2022 secum
1744 1962 2022 2021 ducentes
2054 1966 2268 2040 populo
2294 1961 2623 2021 lsraelitieo

399 2062 525 2103 sese
558 2055 904 2127 aggregant,
943 2054 1003 2103 et
1031 2043 1234 2103 Jovam
1259 2062 1624 2103 communem
1653 2065 1851 2126 regem
1881 2057 2253 2126 agnoscunt.
2314 2050 2468 2104 Ante
2510 2065 2623 2104 no-

396 2147 531 2187 men
569 2136 656 2209 mg
689 2129 931 2189 subaud.
967 2132 1322 2207 praepositio
1362 2126 1481 2215 ὲκ,
1536 2140 1642 2188 aut
1675 2126 1754 2221 b,
1812 2143 1881 2189 ut
1911 2132 2028 2191 Jer.
2058 2134 2162 2205 26,
2199 2134 2296 2188 10.
2339 2131 2434 2189 Ps.
2467 2130 2531 2203 5,
2559 2133 2621 2190 8.

398 2209 504 2293 (ex
544 2198 889 2287 zs’am.11‚
925 2213 1051 2293 11.)
1087 2213 1238 2274 Hos.
1266 2216 1341 2287 2,
1374 2218 1470 2272 16.
1552 2196 1985 2274 Aleiandrinus
2027 2236 2135 2293 pro
2178 2225 2258 2277 133
2299 2217 2445 2295 legit
2489 2222 2618 2296 nv,

398 2316 567 2377 quem
609 2299 898 2380 Vulgatus
947 2309 1260 2377 sequutus,
1325 2299 1614 2358 reddidit·
1688 2304 2049 2378 congregati
2100 2310 2244 2358 sunt
2299 2318 2431 2357 cum
2483 2298 2618 2357 Deo

395 2381 714 2461 Abraham.
775 2384 1166 2461 Peculiariter
1194 2383 1291 2443 hic
1310 2382 1478 2442 -Deus
1508 2388 1956 2471 cognominatur
1986 2389 2059 2447 ab
2085 2376 2442 2458 Abrahamo,
2478 2387 2621 2462 quia

396 2469 450 2528 is
489 2470 700 2528 relicto
735 2472 894 2529 avito
931 2464 1211 2532 falsorum
1236 2460 1495 2527 Deornm
1524 2487 1725 2527 errore
1758 2473 1920 2528 illum
1955 2492 2154 2531 verum
2184 2469 2371 2528 Deum
2405 2471 2620 2528 adora-

395 2555 489 2614 vit
526 2563 588 2612 et
626 2556 840 2629 coluit,
896 2564 956 2612 et
994 2556 1242 2630 posteris
1280 2553 1583 2612 colendum
1622 2556 1884 2613 tradidit.
1973 2555 2224 2614 Causam
2251 2553 2449 2628 addit,
2511 2572 2622 2615 cur

396 2640 742 2715 populorum
771 2640 1062 2717 principes
1088 2639 1410 2698 israelitico
1443 2639 1656 2715 populo
1688 2657 1812 2696 sese
1844 2652 2196 2722 aggregent:
2243 2648 2311 2701 n
2317 2596 2501 2721 753ἐὸ
2541 2652 2618 2721 ³².

398 2730 786 2813 ηις-’33373
803 2722 958 2783 Nam
992 2721 1115 2780 Dea·
1156 2732 1299 2780 sunt
1342 2722 1538 2800 clypei
1581 2732 1815 2796 terrae,
1869 2724 2030 2784 Deus
2062 2745 2268 2805 regum
2298 2736 2358 2782 et
2389 2726 2619 2800 princi-

333 2808 338 2811 ’
397 2825 534 2884 pum
561 2810 859 2884 supremus
889 2818 978 2865 est
1010 2809 1298 2880 dominus,
1333 2806 1429 2865 cui
1466 2824 1662 2865 omnes
1688 2809 2026 2909 obsequium
2055 2811 2270 2869 debent
2300 2818 2618 2885 praestare.

394 2888 726 2950 Praefixum
767 2888 806 2955 ’3
845 2892 1163 2971 ἁοιιιὶιιὶιιιιι
1193 2890 1319 2950 h.1.
1355 2891 1615 2965 indicat,
1669 2893 1741 2949 ut'
1763 2891 1936 2952 Dent.
1970 2898 2029 2968 l,
2061 2880 2157 2952 17.
2200 2901 2269 2955 0³
2244 2890 2453 2972 ἠἓκξ
2490 2891 2620 2950 Des·

395 2984 493 3034 ost
517 2974 853 3050 judicium,
905 2995 1022 3033 neo
1065 2995 1183 3035 non
1223 2977 1369 3036 Gen.
1399 2979 1515 3050 40,
1550 2978 1608 3033 8.
1656 2976 1907 3051 2JParal.
1938 2982 2045 3051 20,
2082 2978 2178 3035 15.
2227 2958 2453 3047 Q'uos
2468 2996 2615 3035 vero

393 3058 758 3119 hemistichio
801 3062 991 3138 priori
1046 3069 1208 3144 1337333
1261 3072 1425 3154 '²⁹7³
1479 3062 1791 3140 prmcipes
1829 3065 2223 3142 populorum,
2276 3073 2616 3136 vocaverat,

394 3146 624 3203 eosdem
664 3163 822 3205 nunc
937 3132 1245 3235 8-73373
1263 3127 1442 3204 σὸαιῖι
1479 3155 1718 3220 terrae,
1760 3148 2046 3224 appellat,
2090 3150 2244 3204 sicut
2275 3146 2437 3205 Deus
2472 3149 2616 3204 sub·-

395 3230 533 3290 inde
574 3227 685 3287 hoc
727 3244 964 3288 nonune
987 3211 1327 3307 αρρεὶἰῖιῐιιι·
1370 3228 1518 3311 (vid.
1550 3231 1641 3287 Ps.
1678 3235 1737 3303 7,
1770 3236 1863 3291 ll.
1910 3235 2008 3307 18,
2036 3235 2094 3289 3.
2138 3233 2314 3304 287
2318 3231 2478 3302 .,33
2507 3233 2618 3289 20.

391 3310 574 3373 Deut-
606 3315 709 3387 33,
739 3317 839 3373 29.
841 3309 908 3393 ),
966 3325 1278 3390 propterea
1302 3313 1457 3393 quod
1486 3315 1740 3374 defendit
1769 3336 1906 3375 suos
1940 3328 2001 3375 et
2031 3321 2183 3376 mala
2210 3319 2462 3386 avertit,
2521 3317 2617 3374 uti

392 3400 573 3455 scutis
604 3409 951 3458 avertuntur
973 3401 1187 3474 jacula,
1213 3410 1276 3458 et
1302 3411 1632 3473 servantur,
1664 3420 1808 3501 quos
1836 3404 1940 3461 illa
1967 3412 2205 3482 tegunt·
2253 3401 2617 3471 Hos.4,18.

392 3491 624 3556 autem,
678 3492 747 3543 ut
785 3483 911 3559 hic,
970 3486 1170 3562 populi
1210 3485 1521 3544 Israelitici
1562 3487 1852 3563 principes
1901 3486 2176 3545 dicuntur
2216 3485 2414 3563 clypei
2457 3479 2618 3561 ejus,

391 3584 594 3627 eorum
623 3570 776 3628 enim
797 3579 926 3643 est,
967 3570 1246 3647 populum
1269 3572 1467 3643 tueri,
1510 3580 1568 3628 et
1596 3573 1869 3628 nocitura
1900 3582 2184 3632 avertere.
2271 3568 2435 3662 rebvs
2474 3573 2615 3669 ‘tivi

289 3728 296 3733 ἱ
390 3648 726 3712 Excitatus
764 3663 861 3712 est
889 3654 1216 3734 plurimum
1257 3674 1346 3714 sc.
1390 3648 1596 3744 ῠηὺξ
1635 3669 1821 3735 super
1858 3672 1955 3714 cos
1995 3656 2181 3732 Jova,
2240 3636 2435 3734 οιῇῖιε
2447 3655 2622 3733 genti

388 3752 517 3795 sese
551 3736 875 3799 adsociant.
959 3739 1031 3802 Vi
1037 3740 1090 3798 d.
1130 3743 1235 3814 97,
1269 3742 1329 3801 9.

1363 3925 1480 3986 Ps.
1532 3924 1639 3984 48.

563 4040 832 4104 Celebrat
859 4044 955 4103 hic
983 4042 1247 4103 Psalmus
1280 4041 1647 4101 liberationis
1682 4043 2001 4124 singularis
2035 4046 2407 4117 beneficium,
2464 4061 2618 4121 quae

385 4124 674 4185 divinitus
709 4126 1524 4207 Hierosolymiseontigerit,
1584 4145 1713 4186 cum
1753 4133 1824 4188 ab
1866 4130 2130 4188 hostibus
2173 4130 2614 4188 imminentibus

288 4258 293 4264 .
388 4220 712 4287 peteretur,
770 4212 1133 4274 commendat
1171 4213 1347 4269 etiam
1386 4213 1635 4286 speciem
1675 4223 1734 4270 et
1773 4217 2156 4273 munitionem
2185 4216 2383 4287 urbis,
2438 4225 2615 4289 atque

385 4308 547 4370 spem
575 4295 717 4357 facit
744 4300 902 4371 fore,
945 4308 1013 4355 ut
1047 4307 1107 4354 et
1134 4298 1197 4354 in
1232 4304 1530 4368 posterum
1567 4297 1690 4368 ejus
1719 4310 2046 4375 protector,
2087 4299 2267 4370 Jova,
2308 4315 2437 4355 eam
2470 4316 2616 4354 con-

389 4391 602 4440 servet.
684 4383 991 4442 Pertinere
1029 4392 1238 4445 mutem
1297 4377 1474 4438 hocce
1530 4398 1769 4443 carmen
1821 4384 1896 4442 ad
1950 4386 2163 4443 beblum
2214 4382 2398 4453 illud,
2458 4383 2621 4460 quud
