2807 4913
280 310 281 315 ¹
336 276 392 347 2
756 298 761 302 ·
1115 262 1764 366 Prolego‘mend.

342 459 521 523 Hanc,
550 461 792 534 poeseos
816 454 1068 533 speciem
1093 471 1233 536 prae
1258 457 1466 518 ceteris
1496 457 1764 516 omnibus
1792 453 2135 514 excolebant
2163 448 2459 533 Hebraei,
2505 461 2576 510 et

351 580 417 637 in
459 576 650 635 eadem
692 571 930 652 Perinde
964 574 1242 640 eminent·
1322 572 1577 635 Solenne
1605 583 1733 633 erat
1764 566 1865 651 per
1896 591 2093 630 omnes
2120 569 2419 629 Hebraeae
2450 588 2574 630 na-

353 696 534 755 tionis
576 701 793 751 aetates
839 686 912 749 ob
943 707 1038 749 res
1070 675 1319 748 feliciter
1360 684 1555 772 gestas
1590 708 2009 769 prosperosque
2046 689 2330 747 bellorum
2362 689 2571 746 exitus

352 813 526 873 laetis
561 786 916 869 carminibus
940 805 1068 867 De'o
1096 811 1395 867 servatoris
1418 810 1644 887 publice
1672 818 1868 890 grates
1902 774 2115 889 agere-⁷
2167 804 2328 864 Hinc
2352 803 2573 879 Mosis,

352 927 650 1002 Deborae,
691 917 936 1012 Davidis
979 924 1260 988 ἐπινίκια.
1312 942 1315 945 ’
1346 912 1492 983 Cum
1526 927 1669 1004 ipsis
1694 925 1897 985 forsan
1922 923 2274 1005 reipublicae
2303 923 2572 999 primor-

320 1046 465 1118 ,diis
493 1045 667 1104 initia
702 1060 809 1100 sua
837 1039 1164 1101 habuerunt
1194 1039 1429 1102 scholae
1454 1038 1929 1123 prophetarum3
1973 1059 2176 1120 regum
2220 1047 2374 1097 certe
2411 1046 2571 1097 tem-

270 1200 273 1207 „
350 1164 499 1243 pora
537 1159 967 1220 antecedebant.
1053 1157 1144 1218 De
1177 1162 1413 1219 illarum
1451 1161 1746 1218 institutis
1785 1169 1844 1218 et
1877 1159 2183 1236 disciplina
2217 1128 2606 1235 quamquam?

351 1279 559 1358 paucis
597 1277 996 1336 tantummodo
1044 1285 1216 1354 atque
1259 1278 1447 1335 obiter
1486 1277 1840 1343 mentionem
1880 1272 2106 1332 faciunt
2142 1283 2400 1333 veterum
2438 1271 2569 1332 He·-

340 1398 657 1456 -braeorum
688 1402 1058 1450 monumenta
1087 1391 1401 1469 historica3
1454 1391 1837 1457 nihilominus
1872 1393 1937 1453 in
1974 1411 2042 1449 eo
2083 1392 2260 1467 saepe*
2287 1390 2571 1448 multum-

355 1531 466 1589 que
495 1517 802 1585 occupatos
829 1505 1008 1564 fuisse
1039 1508 1456 1589 intelligimus,
1510 1519 1579 1568 ut
1618 1508 1849 1588 hymnis
1895 1515 1954 1564 et
1990 1505 2379 1578 carminibus,
2431 1524 2571 1563 cum

354 1628 556 1688 fidium
610 1635 670 1683 et
717 1624 993 1683 tibiarum
1035 1606 1210 1683 cantu
1253 1635 1314 1684 et
1358 1624 1738 1704 symphonia,
1811 1622 1926 1682 Dei
1968 1622 2164 1680 laudes
2204 1622 2571 1681 celebrarent

355 1741 753 1824 (vid-‘lSam.
791 1742 893 1814 lo,
925 1739 1182 1803 5--10.
1244 1739 1330 1799 cf.
1365 1741 1635 1801 Hauon-:n
1666 1759 1795 1799 vom
1825 1737 2001 1797 Geist
2038 1739 2144 1797 der
2175 1736 2339 1799 hebr.
2362 1736 2570 1796 Poe‘st'e
2641 1812 2650 1819 .

355 1859 424 1920 P.
453 1859 528 1918 11.
568 1878 624 1935 p.
661 1858 761 1914 64.
795 1873 921 1934 sqq.
964 1866 1025 1914 et
1061 1876 1117 1934 p.
1147 1859 1293 1917 301.
1365 1859 1741 1920 NAcnuGAI.
1788 1856 1933 1915 iiber
1974 1853 2260 1915 Salomo’s
2300 1853 2571 1934 Scinger-

353 1971 1415 2053 versamml.-odersPropheteme-hule
1443 1979 1508 2035 in
1536 1975 1663 2034 dem
1686 1972 1978 2052 Magazt'n
1998 1973 2127 2048 fiir
2150 1967 2431 2053 Exegese
2459 1981 2569 2031 cet.

357 2097 431 2156 ab
473 2091 708 2154 Henkio
748 2085 936 2170 edin),
1027 2088 1150 2152 Sub
1194 2091 1423 2155 Davide
1469 2102 1664 2153 autem
1705 2093 2013 2170 praecipue
2053 2090 2301 2167 florebat
2343 2091 2566 2148 musica

284 2288 287 2291 .
359 2222 420 2272 et
455 2213 678 2295 poesis:
710 2229 804 2268 <ex
842 2210 1007 2291 illius*
1040 2211 1314 2295 instituto
1332 2251 1351 2284 ,
1397 2208 1456 2268 si'
1490 2207 1908 2269 chronicorum
1942 2209 2114 2267 libris
2153 2209 2293 2269 fides
2339 2211 2417 2267 sit
2459 2207 2563 2265 ha·-

352 2329 542 2389 benda
559 2370 579 2402 ,
645 2336 852 2404 quater
896 2330 1055 2387 mille
1105 2335 1371 2385 cantores
1427 2328 1550 2385 sive
1596 2328 1806 2385 musici
1863 2346 1896 2384 e
1951 2346 2192 2412 numero
2235 2327 2566 2401 Levitarum

358 2442 423 2527 (1
442 2445 632 2504 Paral.
659 2445 762 2517 23,
801 2436 928 2520 5.)‚
968 2442 1073 2499 sub
1105 2441 1413 2515 praefectis
1445 2442 1707 2502 ducentis
1746 2445 2044 2524 octoginta
2072 2452 2226 2516 octo,
2268 2444 2566 2502 distributi

258 2625 263 2626 ff
352 2562 418 2617 in
460 2560 671 2619 classes
715 2558 929 2636 viginti
964 2565 1249 2634 quatuor,
1303 2576 1449 2635 quae
1490 2578 1592 2635 per
1632 2561 1894 2641 singulas
1925 2561 2311 2621 hebdomadas
2339 2560 2561 2618 vicibus

351 2676 474 2732 suis
518 2676 584 2731 in
621 2645 839 2748 templo
865 2671 1281 2753 fungerentur,
1322 2693 1624 2734 sacrorum
1663 2676 2008 2757 hymnorum
2037 2679 2363 2737 ministerio
2398 2678 2563 2734 unice

354 2779 756 2849 deserviebant
797 2787 860 2870 (l
897 2789 1087 2848 Paral-
1117 2789 1223 2866 25,
1264 2795 1294 2850 1
1321 2824 1395 2838 —
1418 2788 1507 2872 7.)
1526 2833 1547 2867 ,
1605 2797 1821 2872 partim
1861 2814 2039 2868 voce,
2089 2796 2306 2872 partim
2350 2793 2563 2851 diversi

354 2909 586 2990 generis
626 2907 1029 2964 instrumentis
1068 2909 1307 2966 musicis
1345 2921 1636 2970 canentes.
1721 2913 1912 2980 Quum
1942 2914 2125 2993 igitur
2148 2910 2403 2970 Davides
2432 2907 2563 2967 Mu-

354 3043 451 3082 sas
484 3026 631 3082 istas
661 3042 789 3081 cum
829 3024 1015 3081 sacris
1044 3025 1291 3101 publicis
1315 3025 1644 3085 firmissime
1678 3031 2005 3105 copularet3
2048 3028 2177 3086 fieri
2205 3046 2323 3085 non
2353 3027 2561 3104 potuit,

353 3145 503 3223 quin
535 3159 642 3198 suo
675 3142 932 3216 exemplo
963 3157 1180 3217 suaque
1205 3145 1554 3202 auctoritate
1585 3145 1947 3203 ‘vehementer
1980 3144 2350 3203 confirmaret
2391 3152 2450 3200 et
2487 3142 2560 3201 ad

351 3258 568 3317 altiora
613 3257 760 3315 artis
803 3254 1042 3335 fastigia
1081 3255 1348 3328 eveheret
1389 3280 1586 3319 omnes
1626 3264 1808 3335 alios,
1870 3278 2017 3337 quos
2061 3261 2264 3319 iisdem
2310 3259 2559 3318 colendis

349 3384 565 3454 natura
605 3375 977 3448 initiaverat,
1034 3377 1366 3455 lyricaeque
1412 3379 1773 3455 potissimum
1815 3385 2056 3455 poeseos
2087 3379 2240 3444 inter
2269 3376 2558 3438 Hebraeos

351 3494 620 3569 princeps
655 3488 925 3549 evaderet
955 3501 1194 3570 auctor,
1255 3492 1434 3572 quid?
1497 3497 1649 3572 quod
1688 3498 1907 3557 futuris
1950 3516 2175 3575 quoque
2213 3495 2558 3572 temporibus

294 3693 298 3700 ι
347 3607 545 3666 eadem
592 3609 789 3666 studia
833 3609 1074 3685 provide
1119 3624 1409 3686 servaret,
1468 3624 1527 3671 et
1569 3617 1949 3674 restauranda
1994 3614 2237 3673 subinde
2279 3630 2347 3669 ae
2391 3608 2557 3688 perfi-

351 3725 561 3783 cienda
599 3726 873 3784 traderet.
956 3725 1230 3786 Manente
1270 3731 1547 3788 nimirum
1586 3730 1693 3787 illo
1733 3734 2004 3805 vinculo,
2072 3749 2187 3808 quo
2227 3748 2355 3786 cum
2401 3728 2553 3784 cultu

344 3836 524 3900 Jovae
565 3854 748 3901 artem
784 3831 1063 3901 musicam
1099 3849 1499 3923 poeticamque
1531 3849 1703 3905 semel
1736 3850 2034 3925 copularat
2059 3845 2349 3919 Davides‚
2396 3842 2551 3920 quic·-

347 3960 488 4036 quid
527 3949 817 4045 insignius
853 3983 1109 4042 unquam
1145 3967 1340 4025 evenit
1372 3964 1765 4025 Israelitarum
1806 3969 1894 4025 rei
1941 3967 2203 4042 publicae
2239 3972 2299 4019 et
2326 3978 2517 4019 sacrae
2529 3975 2548 4033 ς

216 4111 229 4116 a
270 4161 271 4164 Ἰ
342 4091 499 4133 nova
544 4082 702 4157 genii
734 4085 948 4158 poetici
981 4084 1328 4154 tentamina,
1383 4099 1537 4139 nova
1581 4086 1726 4140 artis
1770 4085 2126 4140 incrementa
2169 4081 2399 4153 attulit,
2454 4089 2549 4137 aut

342 4191 417 4248 ad
458 4198 790 4272 antiquiora
832 4203 1026 4258 saltim
1071 4202 1359 4280 carmina,
1408 4197 1596 4257 denuo
1629 4196 1983 4276 adhibenda,
2023 4197 2347 4273 tractanda,
2390 4196 2550 4255 colli-

342 4311 533 4390 genda
574 4330 776 4377 ansam
816 4317 1103 4392 praebuit.
