2807 4913
1150 260 1276 326 Pe.
1323 257 1445 348 37,
1511 284 1568 327 ι.
1681 360 1697 371 .
2330 205 2484 329 247

654 436 669 461 “
1230 457 1340 518 Ps.
1395 461 1498 517 37.

420 569 510 631 Ne
540 571 804 630 homines
838 571 985 632 falsa
1015 573 1410 650 improborum
1436 574 1715 639 felicitate
1743 573 1987 651 decepti,
2021 573 2155 631 illos
2189 577 2467 654 aemulari

176 692 179 695 ι
243 655 518 735 studeant
546 660 767 715 virtute
799 660 1030 731 rejecta,
1075 660 1242 717 docet
1277 657 1388 716 hoc
1425 662 1703 731 carmine,
1746 661 1972 718 brevem
2001 669 2059 736 et
2088 677 2291 735 ranam
2330 663 2462 718 illo-

240 758 376 798 rum
406 759 528 799 esse
560 744 998 818 prosperitatem
1028 762 1096 800 ac
1123 747 1473 820 potentiam,
1533 754 1851 821 contraque
1893 736 2462 819 piorum-hominum

240 843 574 883 aerumnam
601 827 851 899 brevem,
883 829 1215 884 diuturnam
1246 849 1421 904 porro
1447 827 1808 885 felicitatem.
1889 830 2075 897 Quam
2106 829 2457 886 sententiam

238 919 404 967 vates
444 920 722 987 perpetua
758 911 1034 968 antithesi
1076 914 1465 985 conditioniS,
1514 924 1854 985 eventuum,
1888 911 2197 986 fortunae,
2240 916 2455 986 exitus,
2553 954 2557 961 -

241 1013 492 1067 morum,
536 1006 594 1053 et
622 997 776 1052 vitae
809 998 1038 1072 piorum
1072 1007 1133 1053 et
1166 998 1474 1073 impiorum
1504 996 1778 1054 inculcat.

415 1078 572 1137 Sunt
606 1099 742 1138 vero
774 1081 835 1137 in
866 1079 975 1137 hoc
1006 1084 1259 1138 carmine
1284 1084 1494 1181 plura,
1537 1101 1682 1157 quac
1724 1092 1912 1139 vatem
1958 1099 2076 1136 non
2115 1083 2176 1137 in
2217 1083 2454 1140 univer-

244 1181 376 1220 sum
423 1155 492 1220 de
536 1162 694 1219 felici
741 1164 1076 1223 conditione
1123 1167 1233 1240 piis
1284 1168 1344 1222 in
1370 1158 1499 1222 hac
1541 1168 1664 1222 vita
1704 1167 2090 1241 exspectanda
2136 1185 2309 1246 agere
2357 1186 2453 1223 ar-

242 1256 445 1327 guant.
528 1247 789 1304 Primum
839 1250 1028 1322 enim,
1087 1251 1241 1326 quod
1284 1249 1378 1306 Vs.
1416 1257 1474 1311 6
1523 1248 1751 1307 15.19.
1797 1251 1973 1322 dicit,
2042 1252 2251 1324 probos
2298 1254 2450 1309 vitae

242 1341 399 1390 recte
438 1335 889 1408 actaepraemia
936 1335 1163 1390 tandem
1207 1337 1515 1410 consequi,
1569 1336 1753 1391 malos
1797 1354 1938 1393 vero
1979 1334 2129 1390 nihil
2175 1337 2449 1392 adversus

174 1413 180 1416 ’
240 1435 339 1474 eos
384 1416 697 1492 proficere,
751 1419 851 1475 sed
892 1421 1156 1475 exitiales
1191 1421 1330 1494 ipsis
1365 1437 1487 1474 esse
1518 1418 1718 1476 eorum
1748 1429 2022 1490 conatus,
2067 1420 2239 1498 longe
2278 1422 2448 1494 aliter

239 1519 351 1557 usu
394 1503 596 1557 venire
644 1512 892 1560 constat.
981 1502 1150 1570 Quod
1202 1515 1260 1560 et
1306 1508 1551 1561 testatur
1593 1504 1969 1560 Ecclesiastes
2014 1505 2088 1575 4,
2137 1504 2189 1562 l.
2253 1507 2311 1575 7,
2359 1505 2448 1562 16.

239 1587 304 1655 8,
329 1587 426 1643 ll.
460 1587 522 1657 9,
550 1587 607 1643 2.
636 1593 693 1647 3.
736 1590 824 1645 ll.
871 1589 964 1660 lo,
995 1590 1052 1646 6.
1128 1587 1349 1644 Deinde
1377 1589 1717 1665 magnificae
1748 1590 2161 1665 promissiones
2191 1588 2259 1644 de
2288 1598 2449 1647 terra

232 1680 514 1747 perpetuo
554 1670 932 1745 possidenda,
987 1692 1018 1728 e
1052 1680 1164 1749 qua
1198 1674 1434 1747 impium
1471 1674 1767 1729 hominum
1796 1692 1977 1750 genus
2010 1676 2089 1739 sit
2119 1675 2449 1748 exstirpan-

237 1755 377 1810 dum
406 1753 532 1833 (vs.
568 1757 661 1812 18.
687 1758 785 1813 28.
820 1758 920 1814 29.
926 1753 976 1835 ),
1021 1776 1379 1833 nequaquam
1409 1760 1552 1814 tales
1584 1768 1738 1813 recte
1769 1760 1961 1833 putari
1990 1768 2255 1833 possunt,
2299 1776 2446 1833 quae

237 1840 520 1912 doceant,
572 1843 798 1916 qualem
838 1843 902 1897 in
941 1844 1216 1922 regundis
1247 1841 1545 1899 hominum
1575 1844 1744 1900 rebus
1776 1843 2008 1898 modum
2042 1853 2233 1898 tenere
2263 1843 2451 1899 soleat

234 1920 419 1985 Deus.
506 1926 668 1993 Quae
708 1944 883 2002 quum
924 1891 1042 1983 itan
1045 1930 1202 1999 sint,
1260 1946 1367 1984 nos
1412 1927 1640 2002 quidem
1671 1927 1823 1983 haud
1854 1928 2214 2000 dubitamus,
2260 1937 2450 1984 vatem

235 2005 351 2064 hoc
380 2011 635 2066 carmine
666 2008 957 2067 consolari
988 2013 1246 2068 voluisse
1275 2030 1413 2067 suos
1448 2014 1750 2087 populares
1778 2021 2111 2070 exterorum
2141 2012 2450 2088 tyrannide

237 2111 581 2191 oppressos,
636 2112 946 2170 eorumque
980 2097 1204 2153 animos
1242 2096 1583 2154 confirmare
1620 2102 1680 2163 et
1714 2097 1937 2172 erigere
1973 2095 2082 2151 hac
2120 2114 2255 2171 spe,
2315 2115 2451 2172 pro-

237 2180 426 2253 priam
466 2188 524 2234 et
566 2189 898 2254 perpetuam
942 2183 1360 2256 possessionem
1402 2189 1590 2236 terrae
1627 2182 1995 2255 omniumque
2025 2178 2313 2237 bonorum
2358 2182 2449 2236 in-

237 2262 384 2318 colis
424 2271 618 2320 terrae
660 2281 694 2318 a
726 2262 851 2321 Deo
894 2265 1349 2338 destinatorum,
1391 2273 1560 2321 certo
1580 2282 1812 2320 manere
1841 2255 2106 2320 homines
2129 2283 2263 2319 vere
2303 2264 2450 2338 pios,

239 2356 298 2402 et
340 2346 568 2422 quidem
600 2347 736 2405 fidei
773 2366 947 2405 causa
992 2347 1115 2422 (Vs.
1150 2348 1309 2429 40.)‚
1365 2349 1672 2406 dummodo
1715 2350 1777 2404 in
1811 2332 1923 2405 fide
1964 2359 2023 2405 et
2056 2349 2275 2406 virtute
2307 2365 2447 2402 con-

236 2440 459 2489 stantes
506 2444 792 2490 maneant.
879 2437 1072 2503 Quare
1126 2437 1237 2493 etsi
1277 2435 1634 2510 aliquamdiu
1680 2435 1845 2509 impii
1891 2443 2102 2491 terram
2150 2441 2449 2508 occupent,

237 2518 472 2591 ejusque
507 2518 674 2574 bonis
703 2517 999 2591 fruantur,
1038 2522 1150 2596 piis
1179 2539 1301 2577 non
1329 2538 1453 2575 esse
1481 2519 1915 2595 desperandum,
1956 2527 2014 2574 et
2046 2537 2117 2573 ne
2151 2516 2452 2595 indignari

237 2601 467 2676 quidem
500 2619 570 2657 ea
599 2603 666 2659 de
693 2621 756 2658 re
788 2605 1019 2680 decere3
1075 2597 1199 2662 {bre
1230 2607 1422 2676 enim,
1467 2614 1534 2661 ut
1564 2606 1680 2660 cito
1718 2622 1844 2660 sors
1873 2612 2163 2669 mutetur3
2225 2612 2448 2676 tempus

235 2685 535 2743 felicitatis
567 2689 877 2759 impiorum
917 2707 1020 2764 pro
1056 2690 1241 2747 nihilo
1279 2690 1664 2789 reputandum
1697 2707 1856 2761 esse,
1913 2707 2089 2764 quum
2132 2692 2446 2768 properent

236 2770 315 2826 ad
354 2771 633 2841 exitium,
690 2776 886 2829 omnia
930 2775 1081 2831 bona
1125 2794 1263 2832 vero
1305 2775 1419 2849 piis
1459 2776 1582 2830 sint
1625 2792 1894 2846 cessura,
1950 2782 2009 2829 et
2052 2773 2113 2827 in
2154 2782 2449 2827 aeteruum

236 2855 488 2930 quidem.
574 2857 731 2923 Quas
767 2860 1181 2933 promissiones
1214 2861 1473 2916 illustrat
1506 2861 1600 2931 iis,
1646 2878 1791 2934 quae
1827 2860 1889 2913 iu
1920 2861 2075 2916 vitae
2105 2874 2242 2913 suae
2278 2871 2448 2912 cursu
2532 2885 2542 2901 a

237 2941 362 3016 ipse
401 2941 730 2997 observavit
762 2945 873 3017 piis
902 2945 1295 3019 improbisque
1326 2945 1606 3015 accidere,
1646 2942 1741 2999 Vs.
1771 2941 1874 2999 25.
1906 2944 2007 3003 35.

411 3025 722 3083 Structura
763 3026 929 3101 hujus
974 3028 1068 3085 Ps.
1105 3026 1303 3085 eadem
1349 3038 1476 3102 est,
1521 3046 1642 3102 qua
1677 3036 1845 3103 poeta
1881 3027 1973 3084 Ps.
2007 3023 2106 3082 25.
2151 3019 2281 3103 (ubi
2320 3023 2443 3093 vid.

235 3105 608 3187 Argument.)
640 3113 882 3187 aliisque
913 3115 1206 3170 nonnullis
1238 3132 1373 3169 usus
1405 3122 1509 3169 est.
1565 3111 1857 3189 Sequutus
1891 3121 1978 3168 est
2004 3111 2155 3167 enim
2189 3110 2450 3166 ordinem

236 3193 680 3271 alphabeticum.
764 3197 922 3254 Inter
960 3212 1003 3261 Ν
1038 3208 1096 3255 et
1129 3207 1206 3270 22,
1264 3207 1322 3253 et
1352 3200 1439 3254 sic
1472 3198 1772 3280 deinceps,
1815 3197 2059 3254 Versum
2094 3194 2448 3251 interseruit.

236 3279 467 3336 Literae
501 3290 667 3351 ‘'1,:
710 3291 768 3339 ct
809 3295 849 3366 p
883 3302 1021 3339 vero
1059 3284 1297 3339 nonnisi
1330 3284 1563 3340 unicum
1591 3273 1831 3340 Versum
1865 3281 2109 3351 habent,
2163 3291 2201 3338 ὀ
2252 3287 2445 3334 autem

237 3371 396 3435 tres,
448 3375 506 3421 et
545 3377 584 3422 δ’
628 3385 862 3440 prorsus
903 3361 1114 3426 deficit.
1207 3366 1555 3445 Regularem
1588 3365 1871 3426 Versuum
1909 3368 2112 3422 seriem
2144 3364 2449 3420 restituere

235 3450 508 3521 tentavit,
555 3454 796 3507 mutatis
835 3470 909 3508 ex
945 3455 1277 3524 conjectura
1317 3454 1553 3508 illorum
1588 3451 2083 3521 distinctionibus,
2128 3448 2176 3504 J.
2210 3445 2261 3504 J.
2292 3446 2448 3502 BEL-

231 3546 538 3596 LERMANN
573 3536 634 3591 in
668 3535 793 3592 dem
829 3535 998 3596 Vera.
1037 3536 1132 3594 izb.
1169 3534 1222 3593 d.
1249 3533 1477 3592 Metrilc
1509 3535 1568 3594 d.
1603 3533 1770 3591 Hebt
1757 3540 1922 3607 a'er,
1946 3555 1999 3609 p.
2025 3534 2176 3590 117.
2201 3551 2323 3608 sqq.

512 3649 884 3728 Propositio
914 3653 1147 3725 Psalmi,
1187 3670 1301 3729 qua
1333 3653 1419 3727 pii
1444 3659 1786 3708 monentur:
1834 3649 2081 3728 wmmfi
2115 3659 2352 3738 ‘'Qun“
2367 3640 2479 3723 'DN

236 3732 328 3796 Ne
370 3650 737 3794 exardescas
778 3735 847 3795 ob
890 3729 1104 3811 malos,
1166 3756 1239 3795 ne
1282 3755 1356 3812 ex
1399 3738 1585 3792 nimia
1621 3738 1989 3810 impatientia
2025 3731 2103 3792 ob
2150 3743 2310 3788 tuum
2351 3733 2450 3787 in-

236 3818 562 3877 fortunium
611 3832 714 3878 aut
756 3823 1083 3897 vilitatem,
1138 3832 1198 3880 et
1237 3840 1311 3877 ex
1355 3822 1579 3878 invidia
1626 3832 1860 3896 propter
1905 3821 2071 3891 impii
2118 3817 2451 3892 felicitatem

240 3906 494 3963 animum
525 3914 690 3962 tuum
722 3909 882 3963 sinas
912 3917 1304 3965 transversum
1341 3906 1458 3982 agi.
1547 3917 1690 3991 rQH
1722 3906 1993 3977 exarsit,
2036 3917 2257 3976 semper
2300 3894 2453 3976 (tam

237 4006 505 4063 expresse
537 4009 664 4047 cum
693 3993 932 4048 nomine
956 4005 1063 4077 q&
1075 3992 1467 4064 conjunctum,
1510 4008 1677 4065 quam
1711 3991 1959 4089 elliptice
1991 3990 2117 4044 sine
2145 4004 2212 4041 eo
2244 4002 2448 4042 occur-

142 4117 146 4132 .
236 4091 393 4145 rens,
431 4082 498 4129 ut
532 4075 628 4145 18,
657 4071 743 4153 8.)
776 4087 1087 4152 usurpatur
1118 4076 1187 4132 de
1217 4084 1375 4138 aestu
1409 4077 1611 4146 animi,
1641 4077 1702 4130 in
1733 4077 1823 4130 ira
1853 4071 2288 4139 vehementiori,
2315 4088 2447 4128 cum

234 4157 454 4233 aliquis
489 4162 648 4216 totus
676 4161 858 4218 ferme
886 4161 1254 4231 accenditur,
1297 4178 1597 4240 metasque
1627 4162 1811 4234 spirat
1841 4157 2122 4223 flammas,
2164 4154 2450 4229 quomodo

235 4243 416 4299 etiam
444 4242 644 4301 Latini
673 4248 1027 4321 loquuntur.
1069 4244 1382 4303 ardescere
1418 4245 1483 4304 in
1516 4264 1574 4300 u
1578 4262 1667 4314 as,
1705 4241 1954 4300 accendi
1974 4239 2206 4313 fariis,
2244 4252 2457 4314 gerere

236 4327 475 4387 irarum
516 4326 623 4385 sub
657 4338 915 4410 pectore
944 4332 1247 4409 flammas,
1290 4331 1407 4387 imo
1439 4349 1566 4387 cum
1596 4331 1730 4407 igne
1763 4336 2131 4403 comparatur
2162 4327 2255 4383 ira
2283 4320 2451 4381 vehe-
