2807 4913
823 287 947 355 P..
996 282 1118 371 αι,
1167 283 1445 355 ε-ιο.
1525 259 1654 356 Ρ..
1705 286 1823 354 ..5.
2300 288 2443 363 161

211 476 295 533 ita
338 482 400 529 et
442 481 648 530 noster
684 479 887 546 vates,
949 489 1079 529 eum
1122 468 1481 529 inferendam
1519 471 1735 548 templo
1774 489 1971 531 arcam
2010 470 2203 534 dicere
2245 476 2444 553 vellet,

207 570 366 616 recte
402 556 595 615 dicere
634 558 849 635 potuit,
891 559 1079 634 ipsum
1113 554 1317 614 Jovam
1355 556 1501 613 illud
1533 559 1952 637 ingressurum.

382 676 420 732 8
450 707 522 717 —
549 676 648 733 lo.
738 670 915 732 Jovae
949 691 1087 731 vero
1121 674 1502 773 praesentiam
1533 691 1646 749 quo
1681 682 1853 745 poeta
1886 673 2074 752 magis
2100 675 2437 753 explicaret,

214 760 521 834 subjunxit
560 760 745 815 veluti
790 769 1091 833 portarum
1137 759 1692 835 interrogationem:
1752 759 1959 817 ἹἿΞΞΠ
2013 754 2094 844 33⁷2.
2100 767 2142 816 73
2203 763 2438 823 νῆ’-375

208 844 363 915 Quis
403 852 500 900 est
535 862 649 899 rex
693 839 789 900 ille
831 842 1168 919 gloriosus,
1221 842 1421 898 divina
1447 843 1752 914 majestate
1782 823 2145 899 verendus?
2177 827 2281 903 Et
2296 857 2437 906 mox

208 948 369 986 suam
404 930 837 1004 responsionem
879 927 1215 1007 subjungit:
1263 917 1367 985 ‘7:47
1416 928 1576 984 ΠἿΓἿ
1614 924 1808 995 Jova,
1849 924 2167 1001 robustus,
2213 938 2433 1006 potem
2487 927 2492 932 ’

207 1031 280 1071 ae
308 1012 525 1085 fortis
569 1010 764 1084 heros,
802 1011 982 1083 Jova,
1024 1009 1200 1068 heros
1244 991 1769 1078 bella10?.⁸Quod
1800 1011 1888 1067 bis
1921 1010 2065 1068 dicit
2091 1013 2264 1086 lova,
2307 1016 2433 1091 pie-

207 1107 328 1155 tate
387 1108 451 1155 et
502 1097 735 1153 divinae
786 1113 928 1175 erga
981 1095 1249 1152 lsraelem
1304 1094 1586 1151 bonitatis
1641 1094 2026 1152 admiratione
2083 1095 2430 1178 flagrantem

204 1185 466 1239 animum
501 1183 624 1255 ejus
658 1180 896 1238 indicat.
981 1179 1071 1236 Eo
1116 1189 1340 1250 autem,
1397 1179 1551 1255 quod
1585 1189 1913 1256 potentem,
1964 1182 2296 1257 virtuteque
2332 1185 2429 1239 in-

206 1269 431 1345 signem
465 1266 673 1322 bellica
704 1264 997 1338 laudavit,
1040 1263 1321 1321 refricare
1356 1265 1548 1320 voluit
1577 1266 1912 1321 memoriam
1950 1274 2067 1321 tam
2109 1269 2427 1325 multorum

204 1362 259 1407 et
304 1351 632 1429 insignium
681 1350 911 1408 divinae
958 1351 1197 1407 virtutis
1244 1348 1694 1421 miraculorum,
1763 1345 1971 1424 quibus
2024 1345 2174 1408 Jova
2228 1348 2426 1409 hostes

204 1433 442 1493 Israelis
481 1434 687 1506 dejecit
723 1453 790 1490 ac
826 1432 1097 1511 perdidit.
1182 1432 1321 1491 Voc.
1356 1444 1483 1512 τητᾷ
1527 1444 1764 1507 praeter
1795 1432 1853 1490 h.
1891 1429 1930 1489 l.
1966 1443 2189 1492 tantum
2225 1445 2426 1493 exstat

201 1516 313 1576 Jes.
358 1521 480 1588 43,
520 1520 619 1577 17.
663 1518 916 1576 educens
960 1535 1204 1575 currum
1256 1525 1317 1574 et
1375 1501 1631 1593 equitem
1688 1529 1841 1580 77797
1898 1513 2011 1596 5753
2060 1519 2316 1577 virtutis
2359 1528 2425 1577 et

198 1603 528 1663 robustum.
613 1607 760 1664 ἿἿΞΞ
807 1604 1163 1680 praevalens
1203 1603 1430 1659 cunctis
1471 1584 1856 1674 adversariis,
1902 1597 2085 1662 wan}
2069 1616 2173 1694 73,
2230 1604 2425 1678 quoad

199 1688 426 1760 bellum,
461 1689 498 1744 i.
532 1707 580 1743 e.
611 1687 759 1744 bello
786 1690 1141 1763 praevalens.
1226 1684 1493 1744 Ceterum
1525 1687 1593 1743 de
1625 1705 1761 1748 arca
1790 1703 1957 1743 sacra
1988 1661 2161 1743 etiam
2192 1689 2246 1745 si
2276 1687 2422 1745 h'aec

200 1774 588 1848 accipiantur,
633 1771 930 1829 commoda
959 1779 1131 1829 erunt
1163 1772 1265 1828 illa
1294 1769 1545 1847 epitheta
1577 1780 1636 1828 et
1669 1772 1742 1829 ad
1774 1785 1914 1829 rem.
1999 1765 2149 1829 Nam
2188 1769 2419 1849 quando

198 1875 340 1914 arca
371 1858 433 1912 in
464 1856 676 1914 bellum
710 1855 1102 1928 deferebatur,
1144 1857 1452 1912 victoriam
1481 1855 1778 1913 Israelitae
1808 1856 2071 1914 solebant
2100 1865 2418 1932 reportare.

197 1939 289 2000 Cf.
337 1942 359 1996 1
389 1941 545 1999 Sam.
581 1943 655 2012 4,
685 1941 744 1996 3.
789 1940 920 1997 coll.
956 1937 1059 1996 Vs.
1094 1942 1239 1997 75⁹8.
1293 1971 1382 1981 —-
1439 1939 1497 1995 9.
1553 1935 1859 2015 Repetitur
1893 1941 2000 1999 Vs.
2037 1941 2093 1996 7.
2132 1938 2208 1996 ad
2249 1941 2418 2000 incu⁴

197 2024 452 2084 tiendam
493 2026 766 2098 majorem
798 2025 1180 2081 reverentiam
1215 2025 1425 2080 animis
1461 2041 1657 2080 coram
1686 2033 1850 2080 tanto
1879 2042 2018 2103 rege
2049 2024 2418 2084 adventante.

108 2133 137 2150 ⁸
194 2112 353 2187 amn,
395 2107 553 2185 'quod
579 2109 831 2166 seeundo
860 2110 988 2165 loeo
1025 2110 1283 2184 ponitur,
1318 2109 1613 2180 reciproce
1648 2107 2040 2208 accipiendum
2068 2118 2184 2166 est:
2230 2108 2417 2165 attola

194 2190 309 2251 lite·
348 2200 585 2251 vosmet.
639 2224 713 2235 —
768 2197 860 2254 10.
904 2203 1028 2255 ΝῚΠ
1066 2204 1139 2252 Ἶ73
1175 2192 1326 2261 Quis
1366 2192 1424 2247 is
1467 2201 1545 2251 Γτ
1586 2189 1726 2247 hic?
1770 2195 1807 2249 i.
1838 2211 1885 2247 e.
1914 2193 2042 2268 quis
2070 2201 2158 2248 est
2183 2192 2279 2249 hic
2304 2203 2413 2249 etc.

196 2275 554 2335 Pronomina
594 2277 687 2333 eni
693 2296 746 2332 m
794 2294 963 2349 saepe
1005 2286 1301 2354 ponuntur
1340 2277 1469 2333 loco
1503 2267 1664 2333 verbi
1710 2272 2096 2349 substantivi,
2140 2291 2288 2346 sum,
2331 2294 2416 2349 es,
2495 2319 2506 2328 ,

194 2370 309 2435 est,
356 2371 424 2419 ut
460 2362 572 2419 Jes.
602 2362 706 2432 43,
739 2363 838 2423 25
880 2365 1022 2435 fini:
1067 2370 1192 2424 ΜΠ
1233 2363 1384 2421 7:22&
1429 2378 1533 2439 ego
1575 2375 1701 2417 sum
1744 2359 2115 2435 abstergens,
2158 2377 2264 2417 nec
2294 2376 2416 2417 non

192 2450 301 2520 46,
334 2447 395 2505 4.
441 2460 566 2508 eea-t
610 2461 662 2490 7
641 2460 767 2507 .Ν.
753 2436 1098 2540 nam-'7337
1142 2462 1323 2522 usque
1360 2428 1446 2504 ἷιᾶ
1457 2408 1844 2503 osenectutem
1878 2463 1983 2524 ego
2026 2462 2156 2501 sum
2196 2445 2270 2519 is,
2313 2445 2418 2522 qui

195 2535 451 2589 sustinet
494 2531 656 2610 (coll.
680 2509 788 2588 l's.
806 2510 927 2610 3.).
1010 2514 1225 2616 27qu3
1273 2533 1434 2590 ΠἸΓΠ
1473 2529 1631 2588 Jova
1673 2532 2070 2603 exercituum,
2118 2532 2153 2587 i.
2186 2550 2239 2607 q.
2266 2527 2417 2586 Jova

191 2610 355 2673 Deus
401 2620 798 2688 exercituum,
842 2610 1223 2686 coelestium,
1249 2596 1436 2691 puta,⁸
1473 2617 1518 2672 i.
1564 2636 1612 2672 e.
1649 2614 1901 2672 siderum
1951 2626 2010 2672 et
2056 2617 2414 2694 angelorum.

187 2698 436 2783 Integra
462 2689 727 2780 loquutio
760 2700 1002 2760 habetur
1035 2701 1137 2775 89,
1165 2702 1222 2759 9.
1249 2699 1362 2762 Jer.
1388 2699 1486 2774 15,
1512 2700 1606 2759 16.
1634 2697 1780 2762 Hos.
1806 2700 1903 2803 12,
1922 2698 1981 2758 6.
2006 2699 2211 2774 Ain-3,
2235 2700 2328 2758 13.

1171 2880 1283 2951 Ps.
1337 2881 1440 2951 25.

365 2995 634 3065 Precatio
673 3016 760 3065 est
799 3008 886 3082 pii
922 3009 1196 3084 periculis
1230 3008 1599 3088 gravissimis
1638 3004 2007 3083 hostiumque
2038 3005 2417 3065 multitudine

186 3085 329 3167 (Vs.
368 3092 465 3147 19.
478 3087 500 3168 )
546 3094 761 3166 pressi,
820 3094 1106 3170 simulque
1141 3094 1487 3168 trepidantis
1528 3094 1593 3149 in
1632 3094 1989 3150 conscientia
2025 3101 2414 3167 peccatorum·

187 3175 345 3234 Orat
376 3177 561 3254 igitur
586 3178 855 3235 ardenter
889 3178 999 3234 sibi
1028 3179 1251 3235 remitti
1279 3195 1385 3234 sua
1421 3185 1689 3251 peccata,
1728 3186 1786 3234 et
1813 3177 2055 3234 liberari
2087 3194 2149 3232 se
2183 3193 2217 3231 a
2254 3176 2416 3250 peri-

185 3261 338 3317 culis
384 3271 447 3317 et
481 3262 649 3317 malis
690 3263 832 3334 illis,
891 3262 1099 3338 quibus
1142 3281 1209 3319 ea
1254 3263 1603 3337 puniantur3
1664 3271 1955 3337 postremo
1999 3262 2214 3317 attexit
2253 3261 2414 3316 clau·-

181 3346 396 3418 sulam,
442 3360 555 3420 qua
584 3364 694 3431 pro
725 3348 935 3422 populo
967 3348 1139 3403 etiam
1173 3356 1300 3404 toto
1328 3357 1476 3404 orat.
1551 3345 1897 3403 luseruntur
1924 3355 1983 3402 et
2014 3336 2411 3406 διδασκαλικα

178 3432 391 3500 multa,
438 3416 683 3504 itemque
718 3433 1024 3505 praeconia
1059 3431 1351 3488 fructuum
1384 3431 1650 3506 pietatis,
1694 3438 1755 3486 et
1784 3429 2204 3487 celebrationes
2234 3431 2412 3488 mise*

176 3515 476 3572 ricordiae
517 3516 762 3571 divinae.
822 3547 898 3557 ——
962 3516 1078 3583 Qui
1121 3513 1366 3573 Davidis
1412 3514 1566 3573 hunc
1606 3514 1902 3571 Psalmum
1950 3513 2201 3586 habent,
2258 3514 2415 3572 hune

178 3616 380 3676 regem
416 3598 493 3655 ad
520 3616 648 3655 eum
679 3598 1033 3656 fundendum
1067 3599 1373 3657 adductum
1410 3598 1591 3657 fuisse
1626 3599 1989 3655 arbitrantur
2021 3600 2413 3656 memorabilis

177 3684 431 3755 alicujus
477 3685 698 3758 peccati
733 3684 1127 3754 conscientia,
1186 3683 1337 3740 unde
1372 3686 1732 3741 occasionem
1774 3684 2092 3758 arripuerit
2133 3686 2309 3740 etiam
2343 3698 2413 3741 en

176 3768 706 3842 commemorandi,
762 3771 1002 3843 quae-in
1035 3770 1161 3844 ipsa
1186 3771 1495 3842 juventute
1529 3769 1601 3826 ab
1643 3770 1771 3844 ipso
1812 3770 2118 3824 commissa
2152 3765 2411 3839 fuerant,

178 3859 237 3906 et
272 3853 957 3927 quorum-recordatione
987 3854 1309 3930 angebatur
1341 3852 1467 3931 (Vs.
1499 3848 1608 3930 7.).
1693 3851 2033 3930 Respexisse
2070 3853 2173 3908 alii
2202 3861 2411 3926 putant

177 3933 252 3990 ad
283 3935 643 3993 adulterium
673 3955 802 3994 eum
830 3935 1137 4009 Bathseba,
1171 3939 1272 3994 alii
1308 3957 1446 3995 vero
1479 3939 1552 3996 ad
1583 3955 1837 4009 censum,
1865 3954 1898 3991 a
1925 3935 2151 3994 Davide
2181 3944 2412 4010 praeter

168 4014 291 4076 Dei
336 4023 695 4077 voluntatem
739 4024 1093 4079 institutum
1178 4023 1297 4079 Alii
1341 4021 1452 4079 hoc
1496 4031 1728 4079 carmen
1770 4022 1846 4080 ad
1889 4020 2223 4077 Absalonici
2265 4030 2410 4077 tem*

169 4105 343 4178 poris
375 4103 577 4184 fugam
612 4104 890 4177 referunt,
935 4108 1039 4162 alii
1067 4107 1135 4163 de
1166 4107 1420 4165 Saulicis
1451 4107 1829 4180 temporibus,
1859 4116 1917 4162 et
1951 4105 2093 4183 fuga
2127 4110 2200 4160 ae'
2227 4104 2410 4162 exilio
2446 4132 2450 4140 ·

167 4196 301 4243 tum
336 4176 637 4247 Davidis
619 4209 681 4245 ιιι
720 4191 946 4248 deserto
980 4188 1219 4248 Maonio
1260 4194 1547 4271 cogitant.
1638 4189 1853 4248 Verum
1895 4189 2109 4246 Psalmi
2148 4189 2414 4249 clausula

165 4272 328 4327 satis
355 4290 605 4352 arguere
640 4275 892 4346 videtur,
930 4275 1218 4333 contineri
1250 4295 1319 4333 eo
1353 4278 1539 4333 totius
1565 4276 1764 4350 populi
1799 4273 2139 4349 israelitici,
2182 4276 2415 4353 magnis

167 4374 304 4412 cum
351 4360 606 4416 miseriis
653 4359 1084 4433 conflictantia,
1139 4361 1248 4420 sub
1292 4378 1543 4439 persona
1584 4361 1808 4438 singuli
1851 4356 2139 4433 hominis,
2194 4375 2415 4436 preces,

245 4439 497 4504 Psalmi.
1697 4442 1744 4516 1³
