2807 4913
396 282 547 352 1-22
622 285 628 292 ·
893 261 902 283 ’
1152 285 1274 353 Ρ..
1331 282 1442 371 18,
1507 282 1847 369 15--19.

390 470 612 528 tionem
652 473 796 551 ”⁷2²3
837 466 986 544 apud
1014 466 1235 525 Arabes
1267 471 1508 529 obtinet.
1569 467 1920 548 Fulguribus
1953 466 2227 543 dispersit
2259 475 2318 525 et
2346 476 2608 532 conster-

340 585 347 588 ,
391 563 564 610 natos
587 553 844 611 reddidit
866 551 1064 610 hostes
1094 551 1380 627 Davidis,
1422 573 1568 631 quos
1600 555 1900 625 relativis,
1938 572 2114 630 quum
2150 562 2341 610 tamen
2368 554 2609 610 nomina

388 656 589 696 eorum
619 656 741 695 non
767 637 1149 712 praemiserit,
1176 639 1250 698 ad
1277 638 1652 697 indicandum
1684 640 1872 716 animi,
1894 640 1989 695 sui
2016 636 2309 710 affectum,
2335 638 2608 715 designa·-

388 724 496 779 vit.
584 720 758 780 Circa
791 740 940 798 quae
976 724 1131 779 enim
1167 742 1381 802 magno
1412 723 1623 782 affectu
1652 724 1835 780 animi
1867 730 2245 794 occupantur,
2290 741 2606 799 numquam

381 808 536 865 satis
565 809 759 865 solent
786 808 1110 882 explicare,
1155 817 1458 883 putantes,
1502 826 1622 882 ιιοιι
1663 826 1830 882 posse
1860 808 2045 870 latere
2073 807 2255 878 alios,
2296 809 2361 864 in
2394 809 2607 883 quibus

377 893 508 969 ipsi
541 902 680 950 sunt
711 893 842 949 toti.
926 889 1192 948 Ceterum
1234 911 1338 968 pro
1381 900 1587 977 0735772
1622 894 1685 949 in
1718 892 1985 950 Samuele
2018 889 2379 948 Masorethae
2407 894 2608 971 legen-

379 976 528 1033 dum
580 976 944 1054 praecipiunt
1004 977 1131 1033 sine
1182 975 1388 1034 suffixo
1444 961 1626 1061 ταί-ῃ.
1711 977 1900 1044 Quam
1945 995 2087 1033 vero
2145 974 2607 1035 emendationem

382 1061 674 1122 damnant
700 1069 925 1118 veteres
953 1078 1170 1134 omnes,
1211 1064 1313 1140 qui
1341 1044 1611 1120 suffixum
1640 1060 1785 1118 illud
1813 1062 2167 1136 exprimunt.

562 1186 662 1246 16.
702 1188 800 1244 17.
885 1194 1254 1277 0772’17722&
1315 1197 1544 1276 ἸΝἿῖἸ
1539 1186 1710 1245 Tum
1753 1195 2179 1266 apparuerunt
2216 1186 2371 1246 alvei
2415 1206 2604 1265 aqua-

381 1289 538 1331 rum.
623 1283 790 1359 17³2&
832 1291 868 1329 a
908 1272 1038 1331 rad.
1083 1286 1215 1359 ΓΞΝ
1250 1257 1561 1330 continere
1602 1271 1795 1350 (Alex.
1829 1274 1903 1329 ad
1937 1273 2060 1330 rad.
2094 1284 2226 1376 ρῳ)
2244 1273 2416 1329 exire
2452 1272 2606 1330 refe-

379 1365 780 1439 rens·w117oei
816 1307 1094 1431 ὑδάτων,
1118 1340 1340 1432 fontes
1381 1376 1704 1434 aquarum,
1756 1361 1820 1415 in
1851 1356 2147 1415 Samuele·
2194 1356 2436 1432 ἀφέσεις
2481 1365 2604 1418 θα-

381 1438 648 1524 λάσσης,
690 1443 1008 1520 effusiones
1048 1439 1303 1518 maris),
1365 1451 1454 1499 est
1495 1441 1669 1500 vallis
1714 1461 1872 1520 aqua
1911 1443 2180 1519 repleta,
2228 1445 2268 1500 i.
2299 1463 2346 1502 e.
2387 1444 2606 1500 alveus·

381 1538 624 1621 pagrmrt
669 1539 756 1585 est
795 1545 858 1585 se
903 1530 1208 1587 continere
1253 1526 1427 1604 (Gen.
1457 1526 1570 1602 45,
1602 1529 1659 1584 l.
1720 1527 1830 1584 JeS.
1865 1527 1976 1599 42,
2018 1528 2110 1586 14.
2168 1527 2285 1599 63,
2323 1523 2487 1603 15.),
2543 1538 2608 1583 et

380 1615 454 1669 al
441 1615 541 1672 vei
572 1631 751 1689 aquas
782 1615 1104 1685 continent,
1147 1630 1220 1669 ne
1248 1612 1560 1668 exundent.
1621 1612 1790 1671 Alvei
1823 1614 2117 1668 notionem
2145 1614 2401 1688 postulat
2433 1612 2605 1668 locus

334 1753 337 1762 ,
378 1695 502 1754 Jes.
533 1699 611 1770 8,,
627 1700 685 1754 7.
772 1696 939 1754 Unde
973 1698 1048 1754 ad
1089 1695 1270 1755 valles
1315 1715 1524 1752 nomen
1568 1695 1725 1755 hebr.
1775 1698 2119 1754 translatum
2162 1708 2250 1754 est
2292 1696 2396 1755 Ez.
2430 1698 2504 1770 6,
2536 1697 2605 1755 3.

374 1781 607 1841 Sensus
641 1783 835 1839 nostri
865 1782 1014 1839 loci:
1062 1776 1498 1855 conspiciuntur
1525 1781 1676 1838 alvei
1709 1799 2008 1859 aquarum,
2050 1783 2150 1858 qui
2177 1792 2349 1839 antea
2379 1800 2606 1857 semper

381 1875 553 1923 erant
598 1868 818 1942 operti,
875 1867 965 1923 illi
995 1867 1150 1940 jam,
1211 1863 1410 1921 fluviis
1452 1863 1784 1925 vehemente
1831 1874 2137 1923 ventorum
2182 1868 2606 1924 exsiccantium
2637 1897 2652 1936 v.

381 1948 529 2007 flatu
570 1951 890 2023 absumtis,
944 1951 1036 2008 vel
1077 1970 1180 2027 per
1217 1950 1483 2028 ingentes
1524 1961 1714 2007 terrae
1754 1963 1945 2009 motus
1985 1952 2275 2024 trajectis,
2333 1960 2436 2008 aut
2479 1951 2603 2008 alio

382 2033 703 2108 derivatis,
763 2038 1205 2112 conspiciuntur
1248 2034 1410 2090 nudi.
1509 2035 1579 2092 In
1627 2033 1892 2094 Samuele
1941 2054 2045 2109 pro
2097 2041 2217 2113 2772
2264 2035 2482 2113 legitur
2526 2041 2600 2095 ΒἸ

374 2136 585 2194 marc,
645 2120 799 2196 quod
841 2123 1032 2199 magis
1068 2122 1356 2197 poeticum
1394 2120 1644 2177 videtur.
1730 2116 1863 2199 ἔξω
1903 2122 2139 2180 0770772
2186 2116 2350 2208 ἸρἔξἸ
2404 2130 2464 2178 et
2504 2138 2605 2176 re·-

384 2213 555 2261 tectoe
606 2214 751 2262 sunt
791 2205 1204 2279 fundamenta
1259 2212 1482 2261 terrae.
1570 2204 1814 2263 Terram
1858 2222 2030 2278 super
2074 2222 2251 2279 aquas
2258 2187 2605 2262 fundatam

380 2308 548 2365 saepe
584 2292 862 2370 legimus,
906 2301 974 2348 ut
1006 2290 1097 2347 Ps.
1129 2292 1233 2364 24,
1267 2291 1326 2346 2.
1414 2288 1844 2365 consequenter
1876 2290 2062 2367 igitur
2100 2291 2282 2362 mari,
2336 2299 2397 2346 et
2431 2290 2602 2366 aquis

381 2392 426 2431 s.
469 2375 737 2433 fontibus
777 2377 1028 2451 apertis,
1084 2385 1477 2451 apparuerunt
1509 2374 1884 2432 fundamenta
1917 2384 2124 2434 terrae.
2206 2373 2494 2449 Loquitur
2526 2374 2605 2431 ad

379 2463 684 2540 vulgarem
717 2462 1070 2537 opinionem,
1101 2479 1202 2517 seu
1231 2461 1428 2536 potius
1458 2461 1533 2518 ad
1560 2463 1808 2535 speciem
1834 2459 2122 2537 quandam
2153 2460 2604 2530 accommodate.

383 2545 534 2603 Nam
577 2547 719 2622 quia
756 2544 911 2620 quod
953 2546 1271 2618 subjectum
1314 2553 1402 2600 est
1443 2545 1755 2618 aedificiiS,
1810 2545 1871 2602 id
1900 2546 2132 2602 illorum
2162 2543 2605 2602 fundamentum

381 2638 507 2703 est,
553 2631 633 2688 ad
656 2627 899 2687 eandem
925 2627 1365 2686 similitudinem
1398 2647 1534 2704 pars
1562 2630 1670 2686 illa
1700 2639 1887 2686 terrae
1917 2627 2193 2703 inferior,
2236 2648 2381 2706 quae
2410 2631 2605 2686 maria

379 2717 683 2785 contine-t,
719 2695 1190 2785 fundamentum
1229 2723 1421 2770 terrae
1460 2713 1618 2772 dicta
1661 2723 1767 2771 est.
1854 2723 1991 2798 ἾΞΝ
2021 2742 2102 2754 -··
2138 2724 2397 2806 '‘fn'wayq
2439 2711 2607 2770 Prae

377 2800 799 2879 increpatione
841 2807 970 2866 tua,
1007 2798 1182 2871 Jova,
1219 2816 1373 2876 prae
1402 2799 1572 2875 flatu
1613 2799 1875 2876 spiritus
1916 2797 2055 2854 nasi
2088 2801 2216 2873 ταῖς
2246 2783 2412 2856 solet
2443 2799 2607 2857 enim

377 2902 530 2960 aqua
570 2891 751 2940 vento
781 2881 1208 2940 vehementiore
1237 2885 1457 2959 aperiri
1490 2885 1657 2961 quasi
1692 2894 1750 2939 et
1777 2881 2046 2939 hiscere
2102 2882 2172 2941 In
2212 2884 2477 2942 Samuele
2518 2885 2603 2939 le-

376 2970 540 3045 gitur
578 2970 649 3025 iu
686 2969 744 3024 3.
779 2985 926 3044 pers,
957 2979 1163 3056 unwan,
1198 2977 1257 3026 et
1290 2970 1442 3026 ἸΒΝ.
1513 2967 1628 3026 Sed
1655 2967 1873 3051 Psalmi
1904 2968 2077 3024 lectio
2108 2968 2476 3044 praeferenda
2508 2968 2602 3025 vi-

286 3092 291 3095 .
376 3052 564 3110 detur.
630 3083 720 3094 ——-
781 3054 878 3112 17.
933 3033 1108 3113 Nunc
1141 3047 1544 3113 liberationem
1586 3044 1750 3110 suani
1794 3054 1970 3110 canit.
2069 3064 2157 3116 ἸλἸ
2203 3050 2375 3146 ΠὸἳρἸ
2422 3050 2603 3109 Misit

375 3137 619 3196 subaud.
667 3155 897 3195 manum
937 3157 1105 3197 suam
1148 3138 1242 3213 (ut
1272 3139 1439 3212 plene
1473 3138 1615 3210 144,
1651 3139 1710 3192 7.
1717 3137 1777 3210 ),
1836 3136 1907 3193 de
1948 3138 2242 3210 excelse,
2244 3147 2306 3193 et
2345 3138 2606 3215 accepit,

374 3220 771 3297 apprehendit
810 3239 931 3297 mc,
979 3221 1048 3282 in
1082 3223 1567 3299 praesentissimis
1597 3223 1871 3298 periculis
1895 3223 2133 3297 jamjam
2166 3222 2602 3288 occubiturum3

375 3308 674 3363 extraxit
723 3324 811 3363 mc
864 3324 942 3365 ex
989 3310 1157 3386 aquis
1200 3306 1448 3379 multis,
1499 3326 1530 3363 e
1573 3307 1890 3365 multorum
1936 3306 2197 3363 hostium
2238 3309 2396 3365 vitae
2437 3326 2602 3363 meae

374 3391 641 3466 undique
680 3388 1081 3450 insidiantium
1127 3393 1330 3453 turbis
1423 3389 1817 3448 Calaneitates
1860 3409 2141 3467 aquarum
2171 3393 2310 3448 moli
2348 3395 2606 3468 undique

362 3475 956 3633 'i2118gr3‘enti3szepius
1008 3486 1448 3556 comparantur,
1490 3466 1636 3534 vid.
1682 3471 1777 3534 Ps.
1828 3477 1941 3548 32,
1984 3477 2039 3532 6.
2102 3476 2217 3549 69,
2270 3479 2322 3535 l.
2367 3479 2425 3535 2.
2484 3475 2604 3536 des.

635 3566 675 3621 4

557 3686 856 3748 18-20,
924 3690 1181 3749 Eandem
1204 3691 1553 3747 sententiam
1584 3708 1741 3747 nunc
1776 3692 2135 3766 simpliciter,
2169 3689 2359 3747 demta
2390 3689 2609 3768 figura,

372 3773 691 3830 enunciat.
738 3760 845 3837 ‘727
884 3771 1090 3853 7:5737
1120 3773 1379 3852 Eripuit
1415 3792 1502 3830 me
1537 3775 1610 3831 ab
1642 3773 1814 3830 hoste
1848 3794 1971 3832 meo
2016 3774 2213 3832 valido
2256 3771 2608 3854 (collective,

371 3840 862 3932 quemadmodum
898 3843 964 3917 i'd
988 3859 1142 3936 quod
1168 3855 1478 3934 sequitur),
1519 3869 1583 3916 et
1626 3860 1697 3916 ab
1736 3861 1817 3917 iis
1862 3863 1967 3938 qui
2006 3878 2095 3916 mc
2130 3858 2402 3931 oderunt,
2438 3860 2608 3936 quia,

371 3959 463 4004 soz.
519 3942 751 4018 quando
809 3943 998 4002 validi
1038 3943 1310 4016 fuerunt
1348 3961 1513 4021 prae
1565 3962 1700 4040 me,
1746 3946 1970 4002 viribus
2015 3946 2474 4021 praecelluerunt
2503 3963 2609 4001 me

372 4024 451 4080 el(
436 4035 678 4082 {sertum
706 4037 766 4085 et
791 4030 1044 4104 undique
1075 4024 1367 4083 afflictum.
1421 4059 1494 4071 —
1546 4031 1640 4084 19.
1684 4017 1789 4090 '727
1836 4041 2086 4120 737727577
2126 4028 2610 4086 Praevorternnt

296 4109 300 4112 ⁴
370 4127 510 4183 mc,
577 4127 625 4166 s.
668 4113 1060 4169 incursatum
1103 4114 1161 4168 in
1209 4130 1294 4168 me
1353 4107 1501 4189 (vid.
1542 4113 1616 4170 ad
1655 4113 1751 4171 Vs.
1781 4111 1873 4191 6.)
1925 4124 2188 4195 tempore
2232 4113 2611 4169 calamitatis

262 4221 268 4231 ι
370 4210 468 4248 m«
453 4211 584 4267 ae,-
638 4195 747 4251 sed
773 4195 998 4268 factus
1040 4205 1135 4255 est
1178 4198 1331 4253 lova
1356 4195 1517 4253 mihi
1561 4196 1833 4270 baculus,
1891 4218 1981 4255 me
2019 4201 2254 4274 jamjam
2297 4198 2608 4267 labentem,

319 4322 322 4324 ,
370 4295 436 4333 ne
461 4297 495 4332 c
539 4279 785 4354 amplius
825 4285 1145 4340 consistere
1184 4283 1472 4340 valentem
1519 4284 1818 4339 sustinuit.
1903 4283 2225 4342 Particula
2246 4278 2314 4353 5,
2378 4281 2610 4337 ιιοιιιὶιιί

373 4378 433 4434 pr
458 4361 667 4435 aefixa,
707 4364 762 4420 si
792 4367 1027 4425 verbum
1059 4376 1186 4428 17757
1216 4378 1512 4446 sequatur,
1557 4369 1852 4426 commode
1886 4372 2135 4426 vertitur
2172 4366 2327 4439 fieri
2356 4364 2610 4442 aliquid.
