2807 4913
1153 248 1273 315 Pe.
1320 242 1443 336 45,
1497 267 1603 336 7.'
1644 199 1649 206 ‘
2046 269 2049 282 '
2318 250 2472 324 299

250 429 669 507 metonymiam
695 430 892 508 signi,
944 427 1236 506 quomodo
1267 432 1463 490 οιίιιιι
1454 442 1778 509 sceptrum
1815 443 1876 489 et
1914 432 2187 508 diadem
2218 453 2470 511 usurpa-

253 527 352 575 tur
393 515 497 589 89,
528 517 633 572 40.
719 513 912 590 Ornat
944 523 1137 574 autem
1164 524 1327 574 vates
1357 519 1554 595 regem
1582 522 1653 577 n*
1655 512 1828 616 ΠΒΒ,
1870 516 2026 591 Dei,
2061 521 2471 596 appellatione,

250 619 370 679 qua
398 610 458 657 et
490 600 636 657 alias
661 585 1067 673 magistratus
1108 609 1169 657 et
1203 601 1521 664 civitatum
1558 594 1874 682 principes
1904 602 2304 681 designantur,
2340 607 2468 663 sive

253 686 329 747 ob
347 683 817 752 similitudinem,
858 681 1017 761 quod
1043 684 1135 742 illi
1165 685 1403 757 perinde
1432 687 1679 748 aliorum
1707 686 1930 745 domini
1953 695 2014 744 et
2047 688 2469 767 gubernatores

249 789 375 830 csse
404 769 701 842 videntur,
742 777 810 824 ut
831 770 1071 844 ipsemet
1098 787 1356 827 summus
1383 768 1544 827 Deus
1576 770 1843 832 omuibus
1871 783 2118 848 praeest,
2153 775 2276 834 sive
2286 773 2469 873 quod

250 852 416 912 Deus
456 852 583 911 illis
624 871 787 910 suam
824 854 1177 928 potentiam,
1234 852 1487 912 officium
1529 866 1588 912 et
1628 856 1979 933 dignitatem
2014 848 2468 924 communicasse
2540 891 2543 900 ·

250 938 607 997 credebatur.
661 936 792 994 Vid.
823 936 920 994 Ps.
947 938 1051 1008 82,
1078 939 1138 996 6.
1182 938 1314 995 coll.
1342 938 1450 996 Ex.
1481 940 1585 1012 21,
1614 941 1673 995 6.
1718 940 1822 1013 22,
1852 944 1911 998 7.
1945 942 2002 998 8.
2031 943 2168 1014 27.,
2211 960 2463 1020 qnorum

247 1025 515 1081 locorum
546 1028 865 1094 postremo,
893 1022 995 1097 qui
1023 1022 1088 1079 in
1114 1023 1425 1098 posteriori
1445 1021 1657 1081 Versus
1684 1025 1938 1082 membro
1969 1029 2124 1110 wip)
2149 1027 2464 1104 princeps,
2517 1070 2527 1082 .
2612 1021 2631 1038 ”

249 1106 404 1165 idem
450 1108 517 1164 in
556 1106 746 1182 priori
798 1102 1008 1169 0³73&
1052 1117 1315 1165 vocatur.
1398 1106 1481 1166 Et
1527 1108 1680 1184 apud
1723 1110 2026 1185 plerosque
2073 1111 2464 1186 antiquitatis,

247 1193 423 1250 Asiae
451 1191 812 1282 praesertim,
851 1173 1115 1266 populna,
1154 1208 1321 1270 reges
1350 1190 1551 1249 divino
1582 1190 1802 1250 honore
1829 1192 2022 1250 affecti
2049 1194 2305 1266 fuerunt,
2340 1195 2459 1253 imo

249 1272 360 1333 Dii
393 1276 666 1351 appellati
691 1285 851 1345 sunt,
887 1274 1042 1349 quod
1068 1274 1328 1333 Deorum
1353 1279 1519 1351 quasi
1547 1278 1799 1334 vicarios
1826 1279 1960 1334 illos
1991 1296 2114 1336 esse
2146 1280 2463 1336 crederent.

248 1362 571 1439 Aegyptios
615 1360 738 1415 suis
765 1359 1017 1438 regibus
1061 1360 1290 1417 divinos
1331 1358 1582 1417 honores
1624 1359 1895 1418 exhibere
1933 1373 2135 1420 narrat
2164 1361 2463 1420 Diodorus

251 1444 489 1504 Siculus
517 1443 563 1502 Ι.
594 1462 717 1518 cap.
741 1446 845 1500 90.
920 1442 1005 1501 cf.
1039 1442 1261 1502 Dnusu
1292 1441 1638 1504 Observatt.
1669 1442 1783 1503 SS.
1827 1445 1892 1504 L.
1923 1444 2060 1504 Xll.
2106 1464 2230 1523 cap.
2264 1439 2360 1504 11.
2405 1457 2466 1505 et

251 1529 582 1589 SPANHEM.
623 1527 708 1586 ad
749 1526 1098 1586 Callimachi
1134 1527 1376 1605 Hymn„
1399 1529 1464 1585 in
1498 1526 1702 1587 ,lovem
1748 1529 1846 1587 Vs.
1878 1531 1979 1587 79.
2062 1530 2279 1589 Noster
2318 1550 2459 1590 vero

252 1624 418 1674 vates
461 1631 695 1692 regem,
748 1630 917 1689 quem
958 1615 1149 1686 canit,
1200 1616 1450 1690 appellat
1478 1611 1700 1688 Deum,
1762 1634 1885 1672 non
1926 1625 1995 1673 ut
2032 1618 2463 1696 magistratum,

249 1698 482 1756 nullum
508 1698 661 1755 enim
694 1715 933 1755 suorum
968 1715 1172 1777 regum
1205 1696 1316 1755 hoc
1345 1700 1521 1756 titulo
1551 1697 1804 1757 Hebraei
1831 1700 2136 1772 ornabant,
2169 1701 2268 1758 sed
2300 1701 2458 1776 quod

254 1801 384 1840 eum
429 1801 564 1840 vere
600 1801 795 1860 regem
835 1780 1088 1840 humano
1128 1779 1402 1856 majorem
1442 1780 1709 1856 haberet,
1772 1784 1925 1860 quod
1970 1793 2031 1842 et
2071 1786 2464 1842 aeternitatis

252 1869 475 1926 mentio
510 1867 796 1944 declarat,
849 1867 1004 1923 unde
1046 1878 1105 1923 et
1149 1864 1470 1925 Chaldaeus
1513 1887 1618 1944 pro
1664 1876 1733 1930 n
1708 1864 1877 1963 η’ἓΒ
1917 1869 2013 1926 hic
2053 1871 2219 1955 π’]ΠἿ
2266 1871 2463 1946 posuit

252 1951 401 2026 (vid.
430 1947 668 2028 supra),
728 1961 787 2008 et
831 1948 1141 2027 Apostolus
1182 1954 1245 2009 in
1286 1951 1547 2028 Epistola
1587 1952 1661 2009 ad
1700 1936 1996 2011 Hebraeos
2038 1936 2239 2011 multi‘s
2282 1972 2463 2031 argu-

252 2038 465 2096 mentis
515 2053 839 2111 supremam
884 2038 1256 2093 eminentiam
1310 2047 1368 2094 ct
1415 2038 1780 2096 divinitatem
1825 2036 2106 2109 Messiae,
2168 2036 2283 2096 Dei
2333 2040 2464 2113 filii,

252 2122 604 2198 probaturus
653 2121 809 2188 vmter
860 2122 978 2176 alia
1022 2122 1196 2178 etiam
1244 2120 1398 2177 hunc
1439 2121 1632 2179 locum
1682 2122 1918 2178 adducit
1965 2122 2033 2193 l,
2067 2125 2130 2180 9.
2217 2121 2467 2181 Messiae
2578 2125 2581 2132 '

254 2217 479 2265 veteres
506 2204 801 2263 Hebraeos
834 2204 1092 2262 divinam
1125 2206 1411 2282 originem
1444 2215 1502 2261 et
1540 2216 1806 2263 naturam
1840 2206 2148 2278 tribuisse,
2208 2206 2466 2265 ostendit

253 2303 312 2348 et
343 2292 505 2348 illius
536 2290 868 2365 descriptio,
914 2307 1061 2364 quae
1087 2288 1330 2346 habetur
1360 2289 1471 2347 Jes.
1498 2291 1560 2361 9,
1580 2293 1639 2351 5.
1657 2292 1751 2362 6.
1793 2289 1866 2347 ad
1893 2309 2059 2366 quem
2092 2291 2201 2348 loc.
2234 2290 2303 2347 cf.
2337 2302 2462 2350 not.

251 2360 443 2459 nostr·
529 2373 721 2451 Negat
760 2373 992 2449 quidem
1027 2373 1347 2432 Gesamus
1394 2375 1476 2440 in
1501 2371 1892 2433 Commentar.
1932 2375 2005 2433 ad
2048 2375 2212 2432 illum
2242 2372 2465 2449 jesaiae

251 2463 369 2521 loc.
417 2461 502 2535 (p.
533 2461 678 2517 365.
684 2456 712 2533 )
753 2461 1112 2536 antiquiores
1137 2437 1432 2516 Hebraeos
1463 2456 1613 2516 hanc
1642 2462 1712 2517 de
1740 2460 1940 2519 divina
1974 2459 2219 2519 Messiae
2250 2472 2466 2521 natura

253 2547 590 2622 opinionem
620 2545 900 2615 tenuisse,
933 2543 1209 2619 illamque
1236 2561 1272 2599 a
1293 2545 1613 2617 acrioribus
1644 2544 1872 2604 demum
1899 2542 1931 2600 J
1937 2545 2153 2616 udaeis,
2196 2543 2347 2602 haud
2375 2546 2466 2604 ita

250 2630 432 2708 longe
471 2640 611 2687 ante
650 2624 845 2685 Jesum
892 2637 1135 2701 natum,
1194 2638 1530 2704 conceptam
1571 2621 1750 2697 fuisse
1791 2630 2108 2688 contendit.
2188 2628 2269 2686 Et
2308 2628 2464 2687 hunc

254 2715 485 2792 quidem
517 2713 734 2772 Psalmi
771 2714 960 2769 locum
998 2715 1061 2770 in
1096 2722 1236 2768 nota
1265 2713 1351 2768 sic
1384 2715 1839 2790 interpretatur·
1884 2711 2094 2769 solium
2130 2723 2290 2770 taam
2320 2712 2467 2787 Dei,

254 2818 304 2858 s.
336 2798 630 2873 divinum,
671 2800 715 2856 i.
744 2816 793 2854 e.
823 2798 885 2854 in
918 2815 1032 2872 quo
1064 2806 1123 2857 te
1152 2795 1313 2853 Deus
1343 2798 1683 2872 constituit,
1733 2803 2088 2877 perpetuam
2126 2798 2252 2855 erit
2294 2794 2464 2877 (dein

255 2868 655 2942 Gottestlzroa
695 2878 859 2940 steht
900 2882 1102 2939 immor
1143 2879 1268 2938 aad
1300 2878 1531 2959 cwig),
1590 2882 1788 2945 eadem
1826 2883 2315 2955 constructione,
2351 2901 2467 2960 qua

250 2968 392 3029 Lev.
420 2969 524 3040 26,
554 2969 656 3025 42.
699 2970 858 3054 21:3³³
897 2977 1092 3056 ἿηῚἿΞ
1128 2964 1358 3038 foedus
1396 2984 1582 3024 meam
1618 2965 1873 3038 Jacobi,
1926 2967 1968 3023 i.
1996 2986 2047 3024 e.
2081 2986 2210 3024 cum
2246 2966 2461 3026 Jacobo

249 3054 467 3110 initum
509 3049 695 3131 (mein
733 3029 1178 3128 Jacobs’bund),
1231 3051 1466 3108 dicitur.
1548 3050 1721 3109 Haud
1768 3051 2041 3108 absimili
2055 3052 2227 3113 modo
2271 3051 2465 3115 Aben-

249 3136 404 3196 Esra
445 3137 623 3195 verba
664 3143 732 3198 n
739 3128 877 3225 ,ἼΞΒ
920 3145 1101 3225 ’ῆΒῦῧ
1147 3135 1436 3211 explicat:
1494 3135 1706 3194 solium
1748 3144 1912 3192 taam
1952 3146 2040 3192 est
2079 3135 2288 3195 solium
2320 3134 2463 3210 Dei,

254 3222 390 3280 coll.
428 3218 694 3279 lChron.
725 3223 831 3293 29,
847 3213 960 3276 23.
981 3199 1287 3296 ”seditque
1326 3216 1565 3278 Salomo
1616 3215 1786 3310 ,Ἱξλζιό
1842 3221 1999 3305 '72⁶7'
2059 3231 2250 3283 &02—
2270 3217 2348 3300 ἒξ
2398 3222 2464 3279 in

255 3302 474 3364 throno
504 3302 697 3363 Jovae
739 3313 811 3362 at
849 3322 986 3371 rex,
1032 3315 1091 3362 et
1119 3304 1299 3362 simili
1335 3305 1610 3380 syntaxi,
1654 3323 1801 3381 quae
1827 3311 1917 3361 est
1954 3284 2225 3362 2³Chron.
2256 3305 2357 3378 15,
2386 3307 2466 3379 8.,

251 3391 436 3452 ’τ’-19
419 3397 698 3488 ‘'manao-52
729 3407 837 3464 pro
879 3391 997 3449 ἿἹ9
1032 3398 1226 3452 msam
1267 3397 1520 3479 natans-t-
1550 3386 1923 3488 prophetia,
1934 3386 2271 3466 prophetia
2302 3390 2468 3448 vide·

253 3456 395 3533 licet
424 3451 636 3533 odedi.
697 3472 952 3533 Facilius
984 3490 1124 3531 vero
1153 3453 1478 3530 orationem
1506 3470 1837 3549 procedere,
1875 3474 1929 3529 si
1959 3468 2169 3537 ΒἾΠΞΒ
2203 3493 2309 3549 pro
2343 3470 2468 3532 Vo-

254 3560 453 3617 cativo
494 3560 822 3635 capiamus,
866 3575 1040 3634 quam
1068 3576 1144 3615 ex
1172 3557 1379 3616 Aben-
1391 3555 1575 3614 Esrae
1611 3566 1669 3613 et
1699 3556 1937 3615 Gesenii
1960 3555 2468 3633 interpretatione,

252 3646 429 3701 nemo'
464 3643 690 3701 inficias
728 3643 857 3701 ibit.
940 3642 1063 3703 Nec
1104 3651 1193 3699 est
1239 3658 1346 3698 cur
1385 3640 1745 3715 dubitemus,
1784 3642 1906 3716 jam
1944 3643 2304 3718 antiquiores
2342 3641 2468 3701 He-

133 3760 148 3763 ·
252 3728 465 3787 braeos
494 3747 689 3805 regem
724 3729 890 3786 illum
920 3745 1216 3807 magnum,
1259 3742 1428 3801 quem
1461 3726 1771 3801 sperabant
1796 3744 2031 3783 auream
2061 3738 2304 3784 aetatem
2337 3729 2471 3787 orbi

252 3812 666 3884 reducturum,
708 3810 962 3871 humana
996 3821 1208 3869 natura
1240 3813 1515 3886 majorem
1548 3810 1662 3868 sibi
1695 3811 2003 3888 cogitasse,
2045 3828 2220 3887 quum
2250 3813 2471 3870 similes

256 3895 567 3971 opiniones
597 3906 655 3954 et
682 3896 836 3973 apud
866 3897 1015 3953 alios
1046 3895 1483 3970 antiquissimos
1511 3893 1685 3951 Asiae
1716 3896 1957 3971 populos
1983 3894 2473 3971 deprehendamus
2526 3944 2532 3957 ,

255 3974 358 4058 (cf.
382 3977 435 4037 J.
464 3979 537 4038 G.
563 3978 794 4039 Rnonn
827 3979 923 4038 dis
950 3977 1085 4036 keil.
1115 3975 1275 4054 Saga
1305 3976 1409 4037 des
1433 3975 1769 4043 Zendvolks
1811 3998 1866 4054 p.
1897 3981 2039 4036 461.
2072 3979 2243 4056 sqq.),
2293 3988 2471 4055 atque

255 4064 598 4123 istiusmodi
640 4083 768 4143 spes
811 4064 881 4122 de
924 4063 1125 4122 divino
1170 4064 1369 4139 aliquo
1415 4064 1648 4142 generis
1687 4061 1925 4121 humani
1969 4065 2319 4138 sospitatore
2358 4065 2473 4125 oli-

255 4148 494 4227 quando
533 4146 739 4209 futuro
786 4149 1323 4227 antiquissimorum
1362 4145 1665 4219 hominum
1716 4145 1787 4207 de
1841 4148 1956 4206 diis
2008 4148 2164 4205 inter
2211 4145 2474 4209 homines

231 4233 636 4309 versantibus
664 4234 931 4313 opinioni
958 4235 1144 4292 multo
1178 4232 1369 4311 magis
1401 4233 1739 4292 conveniret
1754 4271 1775 4306 ,
1832 4249 2002 4308 quam
2032 4232 2261 4293 sobriae
2288 4234 2478 4291 serio-

231 4326 394 4397 ‘rum
430 4326 688 4397 aetenam
723 4318 796 4393 de
828 4319 1042 4393 talibus
1075 4314 1374 4397 cogitandi
1402 4318 1642 4411 rationi.
1670 4346 1754 4361 -
1796 4314 1976 4396 Regis
1998 4317 2287 4393 justitiam
2318 4333 2477 4376 nunc
