<?xml version="1.0" encoding="UTF-8"?>
<!DOCTYPE html PUBLIC "-//W3C//DTD XHTML 1.0 Transitional//EN"
    "http://www.w3.org/TR/xhtml1/DTD/xhtml1-transitional.dtd">
<html xmlns="http://www.w3.org/1999/xhtml" xml:lang="en" lang="en">
 <head>
  <title>
</title>
<meta http-equiv="Content-Type" content="text/html;charset=utf-8" />
  <meta name='ocr-system' content='tesseract 3.04.00' />
  <meta name='ocr-capabilities' content='ocr_page ocr_carea ocr_par ocr_line ocrx_word'/>
</head>
<body>
  <div class='ocr_page' id='page_1' title='image "./scholiainpsalmo00rosegoog_0699.png"; bbox 0 0 2807 4913; ppageno 0'>
   <div class='ocr_carea' id='block_1_1' title="bbox 1058 286 2400 408">
    <p class='ocr_par' dir='ltr' id='par_1_1' title="bbox 1058 286 2400 408">
     <span class='ocr_line' id='line_1_1' title="bbox 1058 286 2400 408; baseline 0.001 -21"><span class='ocrx_word' id='word_1_1' title='bbox 1058 321 1177 387; x_wconf 67' lang='grc' dir='ltr'>Ρ..</span> <span class='ocrx_word' id='word_1_2' title='bbox 1240 286 1560 408; x_wconf 64' lang='lat'>127,‘·.·</span> <span class='ocrx_word' id='word_1_3' title='bbox 1955 307 1963 318; x_wconf 80' lang='grc'><strong><em>’</em></strong></span> <span class='ocrx_word' id='word_1_4' title='bbox 2054 377 2058 381; x_wconf 78' lang='lat'>.</span> <span class='ocrx_word' id='word_1_5' title='bbox 2249 315 2400 388; x_wconf 86' lang='lat'>637</span> 
     </span>
    </p>
   </div>
   <div class='ocr_carea' id='block_1_2' title="bbox 188 498 2402 650">
    <p class='ocr_par' dir='ltr' id='par_1_2' title="bbox 188 498 2402 650">
     <span class='ocr_line' id='line_1_2' title="bbox 188 498 2402 613; baseline 0.001 -51"><span class='ocrx_word' id='word_1_6' title='bbox 188 524 357 563; x_wconf 85' lang='lat' dir='ltr'>suum</span> <span class='ocrx_word' id='word_1_7' title='bbox 403 503 669 584; x_wconf 80' lang='lat' dir='ltr'>gaudens</span> <span class='ocrx_word' id='word_1_8' title='bbox 685 545 705 577; x_wconf 88' lang='lat'><strong>‚</strong></span> <span class='ocrx_word' id='word_1_9' title='bbox 772 513 830 561; x_wconf 89' lang='lat' dir='ltr'>et</span> <span class='ocrx_word' id='word_1_10' title='bbox 885 512 1147 580; x_wconf 75' lang='lat' dir='ltr'><strong>reportat</strong></span> <span class='ocrx_word' id='word_1_11' title='bbox 1186 498 1343 564; x_wconf 74' lang='lat' dir='ltr'>indo</span> <span class='ocrx_word' id='word_1_12' title='bbox 1392 502 1584 613; x_wconf 83' lang='lat' dir='ltr'>laetus</span> <span class='ocrx_word' id='word_1_13' title='bbox 1630 498 1943 564; x_wconf 80' lang='lat' dir='ltr'>fasciculos</span> <span class='ocrx_word' id='word_1_14' title='bbox 1983 502 2402 565; x_wconf 81' lang='lat' dir='ltr'>frumentorum</span> 
     </span>
     <span class='ocr_line' id='line_1_3' title="bbox 188 589 1114 650; baseline -0.001 -2"><span class='ocrx_word' id='word_1_15' title='bbox 188 609 432 650; x_wconf 87' lang='lat' dir='ltr'>suorum</span> <span class='ocrx_word' id='word_1_16' title='bbox 468 592 540 650; x_wconf 87' lang='lat' dir='ltr'>de</span> <span class='ocrx_word' id='word_1_17' title='bbox 583 606 768 648; x_wconf 85' lang='lat' dir='ltr'>messe</span> <span class='ocrx_word' id='word_1_18' title='bbox 804 589 1114 648; x_wconf 86' lang='lat' dir='ltr'>uberrima.</span> 
     </span>
    </p>
   </div>
   <div class='ocr_carea' id='block_1_3' title="bbox 1150 774 1462 853">
    <p class='ocr_par' dir='ltr' id='par_1_3' title="bbox 1150 774 1462 853">
     <span class='ocr_line' id='line_1_4' title="bbox 1150 774 1462 853; baseline 0.01 -18"><span class='ocrx_word' id='word_1_19' title='bbox 1150 774 1263 853; x_wconf 85' lang='lat' dir='ltr'>Ps.</span> <span class='ocrx_word' id='word_1_20' title='bbox 1323 781 1462 838; x_wconf 83' lang='lat'>127.</span> 
     </span>
    </p>
   </div>
   <div class='ocr_carea' id='block_1_4' title="bbox 132 892 2482 2664">
    <p class='ocr_par' dir='ltr' id='par_1_4' title="bbox 132 892 2482 2664">
     <span class='ocr_line' id='line_1_5' title="bbox 362 892 2409 973; baseline -0.001 -20"><span class='ocrx_word' id='word_1_21' title='bbox 362 892 587 969; x_wconf 88' lang='lat' dir='ltr'>Docet,</span> <span class='ocrx_word' id='word_1_22' title='bbox 643 896 837 952; x_wconf 90' lang='lat' dir='ltr'>nullos</span> <span class='ocrx_word' id='word_1_23' title='bbox 878 892 1172 953; x_wconf 89' lang='lat' dir='ltr'>hominum</span> <span class='ocrx_word' id='word_1_24' title='bbox 1220 896 1450 954; x_wconf 89' lang='lat' dir='ltr'>labores</span> <span class='ocrx_word' id='word_1_25' title='bbox 1494 916 1620 955; x_wconf 90' lang='lat' dir='ltr'>esse</span> <span class='ocrx_word' id='word_1_26' title='bbox 1666 895 1910 968; x_wconf 75' lang='lat' dir='ltr'>felices,</span> <span class='ocrx_word' id='word_1_27' title='bbox 1954 896 2119 954; x_wconf 89' lang='lat' dir='ltr'>nulla</span> <span class='ocrx_word' id='word_1_28' title='bbox 2160 895 2409 973; x_wconf 85' lang='lat' dir='ltr'>consilia</span> 
     </span>
     <span class='ocr_line' id='line_1_6' title="bbox 132 978 2407 1061; baseline 0 -25"><span class='ocrx_word' id='word_1_29' title='bbox 132 982 149 987; x_wconf 68' lang='grc'><em>’</em></span> <span class='ocrx_word' id='word_1_30' title='bbox 194 981 514 1053; x_wconf 87' lang='lat' dir='ltr'>salutaria,</span> <span class='ocrx_word' id='word_1_31' title='bbox 568 982 687 1038; x_wconf 90' lang='lat' dir='ltr'>nisi</span> <span class='ocrx_word' id='word_1_32' title='bbox 728 978 855 1037; x_wconf 88' lang='lat' dir='ltr'>Deo</span> <span class='ocrx_word' id='word_1_33' title='bbox 900 980 1212 1061; x_wconf 81' lang='lat' dir='ltr'>adJ‘uvante</span> <span class='ocrx_word' id='word_1_34' title='bbox 1259 991 1319 1037; x_wconf 91' lang='lat' dir='ltr'>et</span> <span class='ocrx_word' id='word_1_35' title='bbox 1360 993 1754 1059; x_wconf 79' lang='lat' dir='ltr'><strong>prosperante.</strong></span> <span class='ocrx_word' id='word_1_36' title='bbox 1842 981 1909 1040; x_wconf 88' lang='lat' dir='ltr'>ld</span> <span class='ocrx_word' id='word_1_37' title='bbox 1956 979 2111 1056; x_wconf 89' lang='lat' dir='ltr'>quod</span> <span class='ocrx_word' id='word_1_38' title='bbox 2150 980 2407 1037; x_wconf 79' lang='lat' dir='ltr'><strong>ostendit</strong></span> 
     </span>
     <span class='ocr_line' id='line_1_7' title="bbox 197 1056 2405 1143; baseline -0.001 -22"><span class='ocrx_word' id='word_1_39' title='bbox 197 1068 262 1121; x_wconf 89' lang='lat' dir='ltr'>in</span> <span class='ocrx_word' id='word_1_40' title='bbox 295 1085 359 1122; x_wconf 90' lang='lat' dir='ltr'>re</span> <span class='ocrx_word' id='word_1_41' title='bbox 391 1064 664 1124; x_wconf 75' lang='lat' dir='ltr'>familiari</span> <span class='ocrx_word' id='word_1_42' title='bbox 700 1076 759 1123; x_wconf 89' lang='lat' dir='ltr'>et</span> <span class='ocrx_word' id='word_1_43' title='bbox 793 1056 1060 1137; x_wconf 85' lang='lat' dir='ltr'>publica,</span> <span class='ocrx_word' id='word_1_44' title='bbox 1119 1065 1183 1120; x_wconf 91' lang='lat' dir='ltr'>in</span> <span class='ocrx_word' id='word_1_45' title='bbox 1221 1066 1432 1143; x_wconf 88' lang='lat' dir='ltr'>quibus</span> <span class='ocrx_word' id='word_1_46' title='bbox 1464 1064 1920 1139; x_wconf 86' lang='lat' dir='ltr'>constituendis,</span> <span class='ocrx_word' id='word_1_47' title='bbox 1972 1066 2405 1138; x_wconf 77' lang='lat' dir='ltr'>conservandis,</span> 
     </span>
     <span class='ocr_line' id='line_1_8' title="bbox 193 1148 2362 1231; baseline 0 -25"><span class='ocrx_word' id='word_1_48' title='bbox 193 1148 474 1228; x_wconf 84' lang='lat' dir='ltr'>augendis</span> <span class='ocrx_word' id='word_1_49' title='bbox 506 1160 676 1227; x_wconf 87' lang='lat' dir='ltr'>atque</span> <span class='ocrx_word' id='word_1_50' title='bbox 708 1149 988 1207; x_wconf 87' lang='lat' dir='ltr'>ornandis</span> <span class='ocrx_word' id='word_1_51' title='bbox 1020 1149 1207 1205; x_wconf 88' lang='lat' dir='ltr'>omnis</span> <span class='ocrx_word' id='word_1_52' title='bbox 1239 1148 1539 1208; x_wconf 90' lang='lat' dir='ltr'>hominum</span> <span class='ocrx_word' id='word_1_53' title='bbox 1571 1151 1739 1209; x_wconf 90' lang='lat' dir='ltr'>labor</span> <span class='ocrx_word' id='word_1_54' title='bbox 1768 1160 1827 1209; x_wconf 92' lang='lat' dir='ltr'>et</span> <span class='ocrx_word' id='word_1_55' title='bbox 1857 1167 1996 1209; x_wconf 87' lang='lat' dir='ltr'>cura</span> <span class='ocrx_word' id='word_1_56' title='bbox 2027 1159 2362 1231; x_wconf 81' lang='lat' dir='ltr'>occupatur.</span> 
     </span>
     <span class='ocr_line' id='line_1_9' title="bbox 361 1232 2405 1308; baseline -0 -17"><span class='ocrx_word' id='word_1_57' title='bbox 361 1232 553 1292; x_wconf 85' lang='lat' dir='ltr'>Habet</span> <span class='ocrx_word' id='word_1_58' title='bbox 590 1234 851 1291; x_wconf 88' lang='lat' dir='ltr'>Psalmus</span> <span class='ocrx_word' id='word_1_59' title='bbox 891 1233 1312 1308; x_wconf 85' lang='lat' dir='ltr'>praescriptum</span> <span class='ocrx_word' id='word_1_60' title='bbox 1351 1253 1563 1293; x_wconf 88' lang='lat' dir='ltr'>nomen</span> <span class='ocrx_word' id='word_1_61' title='bbox 1596 1234 1960 1308; x_wconf 81' lang='lat' dir='ltr'>Salomonis3</span> <span class='ocrx_word' id='word_1_62' title='bbox 2018 1242 2077 1291; x_wconf 87' lang='lat' dir='ltr'>et</span> <span class='ocrx_word' id='word_1_63' title='bbox 2104 1243 2297 1293; x_wconf 78' lang='lat' dir='ltr'>tamen</span> <span class='ocrx_word' id='word_1_64' title='bbox 2328 1252 2405 1291; x_wconf 92' lang='lat' dir='ltr'>an</span> 
     </span>
     <span class='ocr_line' id='line_1_10' title="bbox 195 1316 2402 1397; baseline 0 -22"><span class='ocrx_word' id='word_1_65' title='bbox 195 1316 316 1375; x_wconf 87' lang='lat' dir='ltr'>ab</span> <span class='ocrx_word' id='word_1_66' title='bbox 301 1337 426 1394; x_wconf 76' lang='lat' dir='ltr'>ipso</span> <span class='ocrx_word' id='word_1_67' title='bbox 455 1318 648 1375; x_wconf 85' lang='lat' dir='ltr'>factus</span> <span class='ocrx_word' id='word_1_68' title='bbox 678 1321 777 1391; x_wconf 83' lang='lat' dir='ltr'>sit,</span> <span class='ocrx_word' id='word_1_69' title='bbox 806 1326 1242 1375; x_wconf 83' lang='lat' dir='ltr'>controversum</span> <span class='ocrx_word' id='word_1_70' title='bbox 1270 1316 1496 1376; x_wconf 82' lang='lat' dir='ltr'>faciunt</span> <span class='ocrx_word' id='word_1_71' title='bbox 1524 1321 1881 1397; x_wconf 87' lang='lat' dir='ltr'>interpretes.</span> <span class='ocrx_word' id='word_1_72' title='bbox 1918 1319 2067 1377; x_wconf 85' lang='lat' dir='ltr'>Nam</span> <span class='ocrx_word' id='word_1_73' title='bbox 2093 1316 2402 1375; x_wconf 86' lang='lat' dir='ltr'>hebraeum</span> 
     </span>
     <span class='ocr_line' id='line_1_11' title="bbox 193 1398 2400 1478; baseline 0 -19"><span class='ocrx_word' id='word_1_74' title='bbox 193 1402 343 1460; x_wconf 90' lang='lat' dir='ltr'>illud</span> <span class='ocrx_word' id='word_1_75' title='bbox 388 1398 616 1465; x_wconf 59' lang='lat'>27722227&#39;2</span> <span class='ocrx_word' id='word_1_76' title='bbox 655 1422 775 1461; x_wconf 92' lang='lat' dir='ltr'>non</span> <span class='ocrx_word' id='word_1_77' title='bbox 807 1398 1169 1475; x_wconf 81' lang='lat' dir='ltr'>Salomonis,</span> <span class='ocrx_word' id='word_1_78' title='bbox 1217 1411 1281 1459; x_wconf 91' lang='lat' dir='ltr'>ut</span> <span class='ocrx_word' id='word_1_79' title='bbox 1309 1406 1601 1477; x_wconf 83' lang='lat' dir='ltr'>auctoris,</span> <span class='ocrx_word' id='word_1_80' title='bbox 1642 1405 1742 1462; x_wconf 88' lang='lat' dir='ltr'>sed</span> <span class='ocrx_word' id='word_1_81' title='bbox 1773 1401 2105 1475; x_wconf 77' lang='lat' dir='ltr'><em>Salomoni,</em></span> <span class='ocrx_word' id='word_1_82' title='bbox 2146 1402 2185 1459; x_wconf 89' lang='lat' dir='ltr'>i.</span> <span class='ocrx_word' id='word_1_83' title='bbox 2216 1421 2263 1457; x_wconf 91' lang='lat' dir='ltr'>e.</span> <span class='ocrx_word' id='word_1_84' title='bbox 2297 1421 2400 1478; x_wconf 90' lang='lat' dir='ltr'>pro</span> 
     </span>
     <span class='ocr_line' id='line_1_12' title="bbox 193 1478 2404 1564; baseline -0.002 -19"><span class='ocrx_word' id='word_1_85' title='bbox 193 1487 507 1546; x_wconf 87' lang='lat' dir='ltr'>Salomone</span> <span class='ocrx_word' id='word_1_86' title='bbox 537 1484 787 1559; x_wconf 83' lang='lat' dir='ltr'>factum,</span> <span class='ocrx_word' id='word_1_87' title='bbox 840 1478 1028 1561; x_wconf 61' lang='lat' dir='ltr'>aliq&#39;ui</span> <span class='ocrx_word' id='word_1_88' title='bbox 1060 1487 1552 1562; x_wconf 69' lang='lat' dir='ltr'>interpretantur,</span> <span class='ocrx_word' id='word_1_89' title='bbox 1603 1491 2052 1564; x_wconf 86' lang='lat' dir='ltr'>existimantque</span> <span class='ocrx_word' id='word_1_90' title='bbox 2093 1503 2129 1541; x_wconf 84' lang='lat' dir='ltr'>a</span> <span class='ocrx_word' id='word_1_91' title='bbox 2168 1483 2404 1542; x_wconf 81' lang='lat' dir='ltr'>Davido</span> 
     </span>
     <span class='ocr_line' id='line_1_13' title="bbox 196 1565 2456 1651; baseline -0.001 -24"><span class='ocrx_word' id='word_1_92' title='bbox 196 1572 372 1646; x_wconf 87' lang='lat' dir='ltr'>paulo</span> <span class='ocrx_word' id='word_1_93' title='bbox 409 1581 543 1628; x_wconf 90' lang='lat' dir='ltr'>ante</span> <span class='ocrx_word' id='word_1_94' title='bbox 579 1573 823 1630; x_wconf 87' lang='lat' dir='ltr'>mortem</span> <span class='ocrx_word' id='word_1_95' title='bbox 858 1571 1273 1647; x_wconf 89' lang='lat' dir='ltr'>praescriptum</span> <span class='ocrx_word' id='word_1_96' title='bbox 1304 1572 1609 1631; x_wconf 78' lang='lat' dir='ltr'>Salomoni</span> <span class='ocrx_word' id='word_1_97' title='bbox 1637 1577 1732 1631; x_wconf 83' lang='lat' dir='ltr'>vel</span> <span class='ocrx_word' id='word_1_98' title='bbox 1767 1580 1834 1630; x_wconf 90' lang='lat' dir='ltr'>ut</span> <span class='ocrx_word' id='word_1_99' title='bbox 1860 1574 2120 1651; x_wconf 82' lang='lat' dir='ltr'>regulam</span> <span class='ocrx_word' id='word_1_100' title='bbox 2151 1565 2403 1627; x_wconf 82' lang='lat' dir='ltr'>admini-</span> <span class='ocrx_word' id='word_1_101' title='bbox 2431 1569 2456 1580; x_wconf 45' lang='lat'>⁸</span> 
     </span>
     <span class='ocr_line' id='line_1_14' title="bbox 197 1655 2404 1735; baseline -0 -25"><span class='ocrx_word' id='word_1_102' title='bbox 197 1655 502 1712; x_wconf 80' lang='lat' dir='ltr'>strationis</span> <span class='ocrx_word' id='word_1_103' title='bbox 554 1657 740 1713; x_wconf 80' lang='lat' dir='ltr'>totius</span> <span class='ocrx_word' id='word_1_104' title='bbox 785 1657 1019 1735; x_wconf 83' lang='lat' dir='ltr'>regiae,</span> <span class='ocrx_word' id='word_1_105' title='bbox 1084 1657 1178 1713; x_wconf 83' lang='lat' dir='ltr'>vel</span> <span class='ocrx_word' id='word_1_106' title='bbox 1225 1666 1349 1717; x_wconf 80' lang='lat' dir='ltr'>tum</span> <span class='ocrx_word' id='word_1_107' title='bbox 1394 1675 1519 1714; x_wconf 83' lang='lat' dir='ltr'>esse</span> <span class='ocrx_word' id='word_1_108' title='bbox 1566 1656 1902 1730; x_wconf 88' lang='lat' dir='ltr'>conditum,</span> <span class='ocrx_word' id='word_1_109' title='bbox 1978 1670 2154 1732; x_wconf 83' lang='lat' dir='ltr'>quum</span> <span class='ocrx_word' id='word_1_110' title='bbox 2208 1655 2404 1730; x_wconf 87' lang='lat' dir='ltr'>templi</span> 
     </span>
     <span class='ocr_line' id='line_1_15' title="bbox 197 1736 2406 1814; baseline 0 -20"><span class='ocrx_word' id='word_1_111' title='bbox 197 1748 551 1795; x_wconf 85' lang='lat' dir='ltr'>structuram</span> <span class='ocrx_word' id='word_1_112' title='bbox 608 1740 674 1795; x_wconf 89' lang='lat' dir='ltr'>in</span> <span class='ocrx_word' id='word_1_113' title='bbox 733 1742 928 1797; x_wconf 88' lang='lat' dir='ltr'>animo</span> <span class='ocrx_word' id='word_1_114' title='bbox 980 1736 1314 1814; x_wconf 85' lang='lat' dir='ltr'>habuisset,</span> <span class='ocrx_word' id='word_1_115' title='bbox 1387 1761 1463 1799; x_wconf 87' lang='lat' dir='ltr'>ex</span> <span class='ocrx_word' id='word_1_116' title='bbox 1517 1744 1840 1801; x_wconf 80' lang='lat' dir='ltr'>vaticinio</span> <span class='ocrx_word' id='word_1_117' title='bbox 1861 1751 2057 1803; x_wconf 83' lang='lat' dir='ltr'>autem</span> <span class='ocrx_word' id='word_1_118' title='bbox 2117 1737 2406 1796; x_wconf 85' lang='lat' dir='ltr'>Nathanis</span> 
     </span>
     <span class='ocr_line' id='line_1_16' title="bbox 196 1821 2405 1906; baseline -0.002 -23"><span class='ocrx_word' id='word_1_119' title='bbox 196 1822 269 1899; x_wconf 82' lang='lat'>(2</span> <span class='ocrx_word' id='word_1_120' title='bbox 288 1822 447 1881; x_wconf 87' lang='lat' dir='ltr'>Sam.</span> <span class='ocrx_word' id='word_1_121' title='bbox 477 1825 536 1892; x_wconf 80' lang='lat'>7,</span> <span class='ocrx_word' id='word_1_122' title='bbox 572 1824 622 1881; x_wconf 87' lang='lat'>1.</span> <span class='ocrx_word' id='word_1_123' title='bbox 651 1822 802 1901; x_wconf 88' lang='lat' dir='ltr'>sqq.)</span> <span class='ocrx_word' id='word_1_124' title='bbox 847 1843 951 1900; x_wconf 89' lang='lat' dir='ltr'>per</span> <span class='ocrx_word' id='word_1_125' title='bbox 988 1822 1174 1881; x_wconf 87' lang='lat' dir='ltr'>filium</span> <span class='ocrx_word' id='word_1_126' title='bbox 1205 1825 1432 1885; x_wconf 87' lang='lat' dir='ltr'>demum</span> <span class='ocrx_word' id='word_1_127' title='bbox 1463 1825 1525 1883; x_wconf 91' lang='lat' dir='ltr'>id</span> <span class='ocrx_word' id='word_1_128' title='bbox 1554 1825 1818 1885; x_wconf 82' lang='lat' dir='ltr'>futurum</span> <span class='ocrx_word' id='word_1_129' title='bbox 1856 1825 2245 1906; x_wconf 79' lang='lat' dir='ltr'>cognovisset.</span> <span class='ocrx_word' id='word_1_130' title='bbox 2309 1821 2405 1902; x_wconf 87' lang='lat' dir='ltr'>(In</span> 
     </span>
     <span class='ocr_line' id='line_1_17' title="bbox 195 1904 2406 1990; baseline -0.001 -25"><span class='ocrx_word' id='word_1_131' title='bbox 195 1908 466 1965; x_wconf 83' lang='lat' dir='ltr'>versione</span> <span class='ocrx_word' id='word_1_132' title='bbox 506 1906 751 1985; x_wconf 85' lang='lat' dir='ltr'>Syriaca</span> <span class='ocrx_word' id='word_1_133' title='bbox 793 1909 927 1967; x_wconf 88' lang='lat' dir='ltr'>huic</span> <span class='ocrx_word' id='word_1_134' title='bbox 965 1904 1193 1966; x_wconf 85' lang='lat' dir='ltr'>Psalmo</span> <span class='ocrx_word' id='word_1_135' title='bbox 1233 1908 1375 1968; x_wconf 87' lang='lat' dir='ltr'>haec</span> <span class='ocrx_word' id='word_1_136' title='bbox 1417 1913 1774 1989; x_wconf 85' lang='lat' dir='ltr'>praescripta</span> <span class='ocrx_word' id='word_1_137' title='bbox 1813 1912 2123 1990; x_wconf 88' lang='lat' dir='ltr'>leguntur.</span> <span class='ocrx_word' id='word_1_138' title='bbox 2177 1905 2406 1965; x_wconf 77' lang='lat' dir='ltr'>Dictus</span> 
     </span>
     <span class='ocr_line' id='line_1_18' title="bbox 197 1986 2408 2073; baseline 0 -25"><span class='ocrx_word' id='word_1_139' title='bbox 197 2011 238 2048; x_wconf 91' lang='lat' dir='ltr'>a</span> <span class='ocrx_word' id='word_1_140' title='bbox 266 1988 501 2047; x_wconf 82' lang='lat' dir='ltr'>Davide</span> <span class='ocrx_word' id='word_1_141' title='bbox 544 1992 614 2049; x_wconf 84' lang='lat' dir='ltr'>de</span> <span class='ocrx_word' id='word_1_142' title='bbox 646 1989 985 2068; x_wconf 75' lang='lat' dir='ltr'>Salomon03</span> <span class='ocrx_word' id='word_1_143' title='bbox 1035 1992 1257 2051; x_wconf 79' lang='lat' dir='ltr'>dicitur</span> <span class='ocrx_word' id='word_1_144' title='bbox 1300 2013 1524 2073; x_wconf 80' lang='lat' dir='ltr'>quoque</span> <span class='ocrx_word' id='word_1_145' title='bbox 1559 1996 1630 2053; x_wconf 81' lang='lat' dir='ltr'>de</span> <span class='ocrx_word' id='word_1_146' title='bbox 1658 1993 1953 2073; x_wconf 83' lang='lat' dir='ltr'>Haggaeo</span> <span class='ocrx_word' id='word_1_147' title='bbox 1986 2004 2049 2051; x_wconf 86' lang='lat' dir='ltr'>et</span> <span class='ocrx_word' id='word_1_148' title='bbox 2073 1986 2408 2064; x_wconf 78' lang='lat' dir='ltr'>Zacharia,</span> 
     </span>
     <span class='ocr_line' id='line_1_19' title="bbox 197 2073 2404 2157; baseline 0.001 -27"><span class='ocrx_word' id='word_1_149' title='bbox 197 2076 303 2152; x_wconf 81' lang='lat' dir='ltr'>qui</span> <span class='ocrx_word' id='word_1_150' title='bbox 355 2074 649 2152; x_wconf 82' lang='lat' dir='ltr'>urgebant</span> <span class='ocrx_word' id='word_1_151' title='bbox 703 2086 1074 2136; x_wconf 73' lang='lat' dir='ltr'>structuram</span> <span class='ocrx_word' id='word_1_152' title='bbox 1125 2078 1346 2157; x_wconf 77' lang='lat' dir='ltr'>templi.</span> <span class='ocrx_word' id='word_1_153' title='bbox 1429 2077 1828 2137; x_wconf 83' lang='lat' dir='ltr'>Alexandrina</span> <span class='ocrx_word' id='word_1_154' title='bbox 1879 2080 2189 2138; x_wconf 88' lang='lat' dir='ltr'>translatio</span> <span class='ocrx_word' id='word_1_155' title='bbox 2234 2073 2404 2134; x_wconf 86' lang='lat' dir='ltr'>Salo-</span> 
     </span>
     <span class='ocr_line' id='line_1_20' title="bbox 196 2160 2407 2243; baseline 0.001 -28"><span class='ocrx_word' id='word_1_156' title='bbox 196 2162 379 2217; x_wconf 82' lang='lat' dir='ltr'>mom&#39;s</span> <span class='ocrx_word' id='word_1_157' title='bbox 422 2179 632 2219; x_wconf 89' lang='lat' dir='ltr'>nomen</span> <span class='ocrx_word' id='word_1_158' title='bbox 666 2181 782 2220; x_wconf 86' lang='lat' dir='ltr'>non</span> <span class='ocrx_word' id='word_1_159' title='bbox 825 2162 995 2221; x_wconf 88' lang='lat' dir='ltr'>habet</span> <span class='ocrx_word' id='word_1_160' title='bbox 1026 2160 1489 2242; x_wconf 84' lang='lat' dir='ltr'>praescriptum.)</span> <span class='ocrx_word' id='word_1_161' title='bbox 1572 2165 1695 2223; x_wconf 87' lang='lat' dir='ltr'>Alii</span> <span class='ocrx_word' id='word_1_162' title='bbox 1727 2183 1869 2221; x_wconf 81' lang='lat' dir='ltr'>vero</span> <span class='ocrx_word' id='word_1_163' title='bbox 1911 2162 2093 2243; x_wconf 85' lang='lat' dir='ltr'>(inter</span> <span class='ocrx_word' id='word_1_164' title='bbox 2121 2179 2263 2238; x_wconf 86' lang='lat' dir='ltr'>quos</span> <span class='ocrx_word' id='word_1_165' title='bbox 2298 2160 2407 2219; x_wconf 84' lang='lat' dir='ltr'>&#39;li-</span> 
     </span>
     <span class='ocr_line' id='line_1_21' title="bbox 193 2239 2408 2324; baseline 0 -24"><span class='ocrx_word' id='word_1_166' title='bbox 193 2239 487 2322; x_wconf 77' lang='lat' dir='ltr'>lingius),</span> <span class='ocrx_word' id='word_1_167' title='bbox 542 2265 715 2322; x_wconf 90' lang='lat' dir='ltr'>quum</span> <span class='ocrx_word' id='word_1_168' title='bbox 758 2249 827 2306; x_wconf 89' lang='lat' dir='ltr'>in</span> <span class='ocrx_word' id='word_1_169' title='bbox 857 2247 1044 2305; x_wconf 87' lang='lat' dir='ltr'>titulis</span> <span class='ocrx_word' id='word_1_170' title='bbox 1083 2244 1444 2304; x_wconf 88' lang='lat' dir='ltr'>Psalmorum</span> <span class='ocrx_word' id='word_1_171' title='bbox 1488 2244 1524 2311; x_wconf 72' lang='grc' dir='ltr'>Ξ)</span> <span class='ocrx_word' id='word_1_172' title='bbox 1570 2249 1794 2310; x_wconf 84' lang='lat' dir='ltr'>nomini</span> <span class='ocrx_word' id='word_1_173' title='bbox 1832 2249 2221 2324; x_wconf 87' lang='lat' dir='ltr'>praepositum</span> <span class='ocrx_word' id='word_1_174' title='bbox 2262 2247 2408 2303; x_wconf 87' lang='lat' dir='ltr'>alias</span> 
     </span>
     <span class='ocr_line' id='line_1_22' title="bbox 196 2330 2408 2409; baseline 0 -25"><span class='ocrx_word' id='word_1_175' title='bbox 196 2347 416 2409; x_wconf 85' lang='lat' dir='ltr'>semper</span> <span class='ocrx_word' id='word_1_176' title='bbox 443 2340 736 2389; x_wconf 88' lang='lat' dir='ltr'>auctorem</span> <span class='ocrx_word' id='word_1_177' title='bbox 764 2331 1038 2389; x_wconf 86' lang='lat' dir='ltr'>carminis</span> <span class='ocrx_word' id='word_1_178' title='bbox 1068 2330 1256 2388; x_wconf 87' lang='lat' dir='ltr'>soleat</span> <span class='ocrx_word' id='word_1_179' title='bbox 1281 2331 1561 2407; x_wconf 89' lang='lat' dir='ltr'>indicare,</span> <span class='ocrx_word' id='word_1_180' title='bbox 1596 2352 1716 2390; x_wconf 93' lang='lat' dir='ltr'>non</span> <span class='ocrx_word' id='word_1_181' title='bbox 1743 2332 2032 2404; x_wconf 89' lang='lat' dir='ltr'>dubitant,</span> <span class='ocrx_word' id='word_1_182' title='bbox 2062 2330 2210 2388; x_wconf 90' lang='lat' dir='ltr'>hanc</span> <span class='ocrx_word' id='word_1_183' title='bbox 2238 2331 2408 2388; x_wconf 89' lang='lat' dir='ltr'>odam</span> 
     </span>
     <span class='ocr_line' id='line_1_23' title="bbox 197 2406 2407 2492; baseline 0 -20"><span class='ocrx_word' id='word_1_184' title='bbox 197 2433 234 2472; x_wconf 91' lang='lat' dir='ltr'>a</span> <span class='ocrx_word' id='word_1_185' title='bbox 265 2412 572 2472; x_wconf 84' lang='lat' dir='ltr'>Salomone</span> <span class='ocrx_word' id='word_1_186' title='bbox 612 2415 918 2492; x_wconf 87' lang='lat' dir='ltr'>proficisci.</span> <span class='ocrx_word' id='word_1_187' title='bbox 998 2406 1145 2473; x_wconf 86' lang='lat' dir='ltr'>Mihi</span> <span class='ocrx_word' id='word_1_188' title='bbox 1183 2417 1547 2476; x_wconf 82' lang='lat' dir='ltr'>verissimum</span> <span class='ocrx_word' id='word_1_189' title='bbox 1591 2417 1822 2477; x_wconf 89' lang='lat' dir='ltr'>videtur</span> <span class='ocrx_word' id='word_1_190' title='bbox 1861 2416 2213 2476; x_wconf 74' lang='lat' dir='ltr'>RUmNGEm</span> <span class='ocrx_word' id='word_1_191' title='bbox 2250 2414 2407 2489; x_wconf 81' lang='lat' dir='ltr'>judi·</span> 
     </span>
     <span class='ocr_line' id='line_1_24' title="bbox 196 2500 2408 2576; baseline -0 -21"><span class='ocrx_word' id='word_1_192' title='bbox 196 2500 384 2555; x_wconf 86' lang='lat' dir='ltr'>cium:</span> <span class='ocrx_word' id='word_1_193' title='bbox 435 2501 620 2571; x_wconf 81' lang='lat' dir='ltr'>„Quo</span> <span class='ocrx_word' id='word_1_194' title='bbox 655 2510 943 2576; x_wconf 87' lang='lat' dir='ltr'>tempore,</span> <span class='ocrx_word' id='word_1_195' title='bbox 986 2509 1090 2557; x_wconf 90' lang='lat' dir='ltr'>aut</span> <span class='ocrx_word' id='word_1_196' title='bbox 1121 2501 1330 2575; x_wconf 88' lang='lat' dir='ltr'>quibus</span> <span class='ocrx_word' id='word_1_197' title='bbox 1363 2503 1762 2561; x_wconf 87' lang='lat' dir='ltr'>occasionibus</span> <span class='ocrx_word' id='word_1_198' title='bbox 1791 2501 1977 2560; x_wconf 85' lang='lat' dir='ltr'>factus</span> <span class='ocrx_word' id='word_1_199' title='bbox 2013 2503 2092 2558; x_wconf 89' lang='lat' dir='ltr'>sit</span> <span class='ocrx_word' id='word_1_200' title='bbox 2123 2500 2408 2570; x_wconf 88' lang='lat' dir='ltr'>Psalmus,</span> 
     </span>
     <span class='ocr_line' id='line_1_25' title="bbox 200 2580 2482 2664; baseline -0.001 -23"><span class='ocrx_word' id='word_1_201' title='bbox 200 2580 323 2641; x_wconf 84' lang='lat' dir='ltr'>dici</span> <span class='ocrx_word' id='word_1_202' title='bbox 355 2600 475 2640; x_wconf 94' lang='lat' dir='ltr'>non</span> <span class='ocrx_word' id='word_1_203' title='bbox 506 2594 714 2660; x_wconf 86' lang='lat' dir='ltr'>potest.</span> <span class='ocrx_word' id='word_1_204' title='bbox 796 2588 985 2663; x_wconf 87' lang='lat' dir='ltr'>Atque</span> <span class='ocrx_word' id='word_1_205' title='bbox 1014 2602 1086 2640; x_wconf 92' lang='lat' dir='ltr'>ne</span> <span class='ocrx_word' id='word_1_206' title='bbox 1118 2583 1187 2640; x_wconf 90' lang='lat' dir='ltr'>de</span> <span class='ocrx_word' id='word_1_207' title='bbox 1214 2588 1434 2643; x_wconf 87' lang='lat' dir='ltr'>nostris</span> <span class='ocrx_word' id='word_1_208' title='bbox 1459 2589 1686 2664; x_wconf 90' lang='lat' dir='ltr'>quidem</span> <span class='ocrx_word' id='word_1_209' title='bbox 1716 2587 2085 2645; x_wconf 88' lang='lat' dir='ltr'>cantionibus</span> <span class='ocrx_word' id='word_1_210' title='bbox 2121 2584 2409 2654; x_wconf 87' lang='lat' dir='ltr'>omnibus,</span> <span class='ocrx_word' id='word_1_211' title='bbox 2478 2623 2482 2630; x_wconf 69' lang='grc'><strong>«</strong></span> 
     </span>
    </p>
   </div>
   <div class='ocr_carea' id='block_1_5' title="bbox 108 2667 2409 2746">
    <p class='ocr_par' dir='ltr' id='par_1_5' title="bbox 108 2667 2409 2746">
     <span class='ocr_line' id='line_1_26' title="bbox 108 2667 2409 2746; baseline 0 -23"><span class='ocrx_word' id='word_1_212' title='bbox 108 2713 119 2716; x_wconf 86' lang='grc'>-</span> <span class='ocrx_word' id='word_1_213' title='bbox 170 2693 171 2698; x_wconf 52' lang='grc'>’</span> <span class='ocrx_word' id='word_1_214' title='bbox 199 2675 262 2724; x_wconf 88' lang='lat' dir='ltr'>et</span> <span class='ocrx_word' id='word_1_215' title='bbox 300 2685 445 2743; x_wconf 89' lang='lat' dir='ltr'>quae</span> <span class='ocrx_word' id='word_1_216' title='bbox 478 2667 648 2726; x_wconf 90' lang='lat' dir='ltr'>hodie</span> <span class='ocrx_word' id='word_1_217' title='bbox 682 2669 868 2744; x_wconf 86' lang='lat' dir='ltr'>fiunt,</span> <span class='ocrx_word' id='word_1_218' title='bbox 924 2669 1064 2726; x_wconf 89' lang='lat' dir='ltr'>sciri</span> <span class='ocrx_word' id='word_1_219' title='bbox 1097 2667 1209 2726; x_wconf 86' lang='lat' dir='ltr'>hoc</span> <span class='ocrx_word' id='word_1_220' title='bbox 1241 2679 1468 2746; x_wconf 87' lang='lat' dir='ltr'>potest,</span> <span class='ocrx_word' id='word_1_221' title='bbox 1523 2681 1589 2729; x_wconf 88' lang='lat' dir='ltr'>ut</span> <span class='ocrx_word' id='word_1_222' title='bbox 1618 2674 1683 2728; x_wconf 93' lang='lat' dir='ltr'>in</span> <span class='ocrx_word' id='word_1_223' title='bbox 1713 2673 1929 2729; x_wconf 87' lang='lat' dir='ltr'>talibus</span> <span class='ocrx_word' id='word_1_224' title='bbox 1962 2671 2104 2728; x_wconf 83' lang='lat' dir='ltr'>satis</span> <span class='ocrx_word' id='word_1_225' title='bbox 2135 2670 2215 2725; x_wconf 90' lang='lat' dir='ltr'>sit</span> <span class='ocrx_word' id='word_1_226' title='bbox 2247 2669 2409 2739; x_wconf 85' lang='lat' dir='ltr'>sciri,</span> 
     </span>
    </p>
   </div>
   <div class='ocr_carea' id='block_1_6' title="bbox 198 2752 2411 3077">
    <p class='ocr_par' dir='ltr' id='par_1_6' title="bbox 198 2752 2411 3077">
     <span class='ocr_line' id='line_1_27' title="bbox 198 2752 2410 2832; baseline -0 -24"><span class='ocrx_word' id='word_1_227' title='bbox 198 2752 338 2829; x_wconf 89' lang='lat' dir='ltr'>quid</span> <span class='ocrx_word' id='word_1_228' title='bbox 373 2753 603 2825; x_wconf 88' lang='lat' dir='ltr'>dicant,</span> <span class='ocrx_word' id='word_1_229' title='bbox 648 2765 749 2812; x_wconf 92' lang='lat' dir='ltr'>aut</span> <span class='ocrx_word' id='word_1_230' title='bbox 792 2756 1057 2814; x_wconf 81' lang='lat' dir='ltr'>doceant·</span> <span class='ocrx_word' id='word_1_231' title='bbox 1139 2753 1219 2812; x_wconf 89' lang='lat' dir='ltr'>Et</span> <span class='ocrx_word' id='word_1_232' title='bbox 1261 2765 1397 2812; x_wconf 88' lang='lat' dir='ltr'>sunt</span> <span class='ocrx_word' id='word_1_233' title='bbox 1434 2758 1560 2813; x_wconf 89' lang='lat' dir='ltr'>sine</span> <span class='ocrx_word' id='word_1_234' title='bbox 1599 2754 1775 2813; x_wconf 90' lang='lat' dir='ltr'>dubio</span> <span class='ocrx_word' id='word_1_235' title='bbox 1818 2756 2079 2832; x_wconf 86' lang='lat' dir='ltr'>publicae</span> <span class='ocrx_word' id='word_1_236' title='bbox 2122 2754 2301 2812; x_wconf 86' lang='lat' dir='ltr'>etiam</span> <span class='ocrx_word' id='word_1_237' title='bbox 2350 2761 2410 2808; x_wconf 82' lang='lat' dir='ltr'>et</span> 
     </span>
     <span class='ocr_line' id='line_1_28' title="bbox 201 2833 2409 2918; baseline -0 -26"><span class='ocrx_word' id='word_1_238' title='bbox 201 2833 530 2893; x_wconf 88' lang='lat' dir='ltr'>ordinariae</span> <span class='ocrx_word' id='word_1_239' title='bbox 559 2838 856 2897; x_wconf 88' lang='lat' dir='ltr'>doctrinae</span> <span class='ocrx_word' id='word_1_240' title='bbox 882 2840 945 2896; x_wconf 90' lang='lat' dir='ltr'>in</span> <span class='ocrx_word' id='word_1_241' title='bbox 974 2838 1213 2914; x_wconf 89' lang='lat' dir='ltr'>templo,</span> <span class='ocrx_word' id='word_1_242' title='bbox 1245 2848 1303 2918; x_wconf 78' lang='lat' dir='ltr'>et</span> <span class='ocrx_word' id='word_1_243' title='bbox 1328 2840 1543 2898; x_wconf 86' lang='lat' dir='ltr'>ritibus</span> <span class='ocrx_word' id='word_1_244' title='bbox 1570 2841 1765 2912; x_wconf 86' lang='lat' dir='ltr'>certis,</span> <span class='ocrx_word' id='word_1_245' title='bbox 1790 2840 2009 2897; x_wconf 88' lang='lat' dir='ltr'>Psalmi</span> <span class='ocrx_word' id='word_1_246' title='bbox 2035 2837 2174 2895; x_wconf 82' lang='lat' dir='ltr'>facti</span> <span class='ocrx_word' id='word_1_247' title='bbox 2205 2838 2409 2915; x_wconf 88' lang='lat' dir='ltr'>aliqui.</span> 
     </span>
     <span class='ocr_line' id='line_1_29' title="bbox 202 2917 2411 2999; baseline 0 -23"><span class='ocrx_word' id='word_1_248' title='bbox 202 2919 459 2979; x_wconf 89' lang='lat' dir='ltr'>Omnino</span> <span class='ocrx_word' id='word_1_249' title='bbox 493 2931 683 2980; x_wconf 89' lang='lat' dir='ltr'>autem</span> <span class='ocrx_word' id='word_1_250' title='bbox 716 2924 1030 2982; x_wconf 81' lang='lat' dir='ltr'>verisimile</span> <span class='ocrx_word' id='word_1_251' title='bbox 1056 2932 1164 2996; x_wconf 89' lang='lat' dir='ltr'>est,</span> <span class='ocrx_word' id='word_1_252' title='bbox 1205 2923 1278 2981; x_wconf 90' lang='lat' dir='ltr'>ad</span> <span class='ocrx_word' id='word_1_253' title='bbox 1310 2924 1701 2983; x_wconf 83' lang='lat' dir='ltr'>dedicationes</span> <span class='ocrx_word' id='word_1_254' title='bbox 1724 2925 1951 2982; x_wconf 76' lang='lat' dir='ltr'>sedium</span> <span class='ocrx_word' id='word_1_255' title='bbox 1978 2924 2132 2999; x_wconf 86' lang='lat' dir='ltr'>apud</span> <span class='ocrx_word' id='word_1_256' title='bbox 2157 2917 2193 2980; x_wconf 86' lang='lat' dir='ltr'>J</span> <span class='ocrx_word' id='word_1_257' title='bbox 2200 2921 2411 2979; x_wconf 83' lang='lat' dir='ltr'>udaeos</span> 
     </span>
     <span class='ocr_line' id='line_1_30' title="bbox 201 3006 2411 3077; baseline 0 -16"><span class='ocrx_word' id='word_1_258' title='bbox 201 3007 468 3062; x_wconf 87' lang='lat' dir='ltr'>solennes</span> <span class='ocrx_word' id='word_1_259' title='bbox 519 3006 673 3065; x_wconf 90' lang='lat' dir='ltr'>hunc</span> <span class='ocrx_word' id='word_1_260' title='bbox 729 3008 1019 3066; x_wconf 88' lang='lat' dir='ltr'>Psalmum</span> <span class='ocrx_word' id='word_1_261' title='bbox 1073 3018 1389 3065; x_wconf 85' lang='lat' dir='ltr'>assumtum</span> <span class='ocrx_word' id='word_1_262' title='bbox 1442 3009 1661 3077; x_wconf 79' lang='lat' dir='ltr'>fuisse3</span> <span class='ocrx_word' id='word_1_263' title='bbox 1732 3010 1855 3066; x_wconf 82' lang='lat' dir='ltr'>sive</span> <span class='ocrx_word' id='word_1_264' title='bbox 1914 3010 1981 3066; x_wconf 93' lang='lat' dir='ltr'>in</span> <span class='ocrx_word' id='word_1_265' title='bbox 2031 3007 2187 3065; x_wconf 88' lang='lat' dir='ltr'>hunc</span> <span class='ocrx_word' id='word_1_266' title='bbox 2241 3024 2411 3062; x_wconf 90' lang='lat' dir='ltr'>usum</span> 
     </span>
    </p>
   </div>
   <div class='ocr_carea' id='block_1_7' title="bbox 202 3085 2514 3168">
    <p class='ocr_par' dir='ltr' id='par_1_7' title="bbox 202 3085 2514 3168">
     <span class='ocr_line' id='line_1_31' title="bbox 202 3085 2514 3168; baseline 0.001 -23"><span class='ocrx_word' id='word_1_267' title='bbox 202 3091 454 3166; x_wconf 89' lang='lat' dir='ltr'>scriptus</span> <span class='ocrx_word' id='word_1_268' title='bbox 483 3093 563 3149; x_wconf 88' lang='lat' dir='ltr'>sit</span> <span class='ocrx_word' id='word_1_269' title='bbox 591 3089 665 3149; x_wconf 74' lang='lat' dir='ltr'>ab·</span> <span class='ocrx_word' id='word_1_270' title='bbox 702 3103 961 3167; x_wconf 90' lang='lat' dir='ltr'>auctore,</span> <span class='ocrx_word' id='word_1_271' title='bbox 1000 3102 1068 3151; x_wconf 88' lang='lat' dir='ltr'>ut</span> <span class='ocrx_word' id='word_1_272' title='bbox 1102 3103 1255 3151; x_wconf 87' lang='lat' dir='ltr'>esset</span> <span class='ocrx_word' id='word_1_273' title='bbox 1276 3092 1533 3152; x_wconf 84' lang='lat' dir='ltr'>formula</span> <span class='ocrx_word' id='word_1_274' title='bbox 1563 3093 2011 3168; x_wconf 88' lang='lat' dir='ltr'>dedicationum,</span> <span class='ocrx_word' id='word_1_275' title='bbox 2048 3093 2171 3152; x_wconf 82' lang='lat' dir='ltr'>sive</span> <span class='ocrx_word' id='word_1_276' title='bbox 2203 3090 2279 3149; x_wconf 86' lang='lat' dir='ltr'>ad</span> <span class='ocrx_word' id='word_1_277' title='bbox 2306 3085 2412 3149; x_wconf 83' lang='lat' dir='ltr'>h&#39;as</span> <span class='ocrx_word' id='word_1_278' title='bbox 2509 3097 2514 3107; x_wconf 78' lang='lat'><strong>¹</strong></span> 
     </span>
    </p>
   </div>
   <div class='ocr_carea' id='block_1_8' title="bbox 202 3173 865 3240">
    <p class='ocr_par' dir='ltr' id='par_1_8' title="bbox 202 3173 865 3240">
     <span class='ocr_line' id='line_1_32' title="bbox 202 3173 865 3240; baseline 0.003 -9"><span class='ocrx_word' id='word_1_279' title='bbox 202 3173 434 3232; x_wconf 88' lang='lat' dir='ltr'>aliunde</span> <span class='ocrx_word' id='word_1_280' title='bbox 475 3178 812 3240; x_wconf 88' lang='lat' dir='ltr'>translatus.</span> <span class='ocrx_word' id='word_1_281' title='bbox 820 3179 865 3213; x_wconf 79' lang='lat'>‘⁶</span> 
     </span>
    </p>
   </div>
   <div class='ocr_carea' id='block_1_9' title="bbox 108 3291 2502 4466">
    <p class='ocr_par' dir='ltr' id='par_1_9' title="bbox 108 3291 2502 4466">
     <span class='ocr_line' id='line_1_33' title="bbox 248 3291 2416 3374; baseline -0.001 -20"><span class='ocrx_word' id='word_1_282' title='bbox 248 3347 253 3354; x_wconf 30' lang='lat' dir='ltr'><strong><em>J</em></strong></span> <span class='ocrx_word' id='word_1_283' title='bbox 386 3291 443 3351; x_wconf 90' lang='lat' dir='ltr'>l.</span> <span class='ocrx_word' id='word_1_284' title='bbox 523 3292 817 3371; x_wconf 88' lang='lat' dir='ltr'>Loquutio</span> <span class='ocrx_word' id='word_1_285' title='bbox 864 3306 985 3374; x_wconf 58' lang='lat'>173³</span> <span class='ocrx_word' id='word_1_286' title='bbox 1035 3296 1182 3356; x_wconf 60' lang='lat' dir='ltr'>mna</span> <span class='ocrx_word' id='word_1_287' title='bbox 1238 3293 1570 3370; x_wconf 78' lang='lat' dir='ltr'>aedificare</span> <span class='ocrx_word' id='word_1_288' title='bbox 1612 3293 1872 3368; x_wconf 79' lang='lat' dir='ltr'>domum,</span> <span class='ocrx_word' id='word_1_289' title='bbox 1935 3293 2127 3372; x_wconf 83' lang='lat' dir='ltr'>figura</span> <span class='ocrx_word' id='word_1_290' title='bbox 2168 3291 2416 3351; x_wconf 82' lang='lat' dir='ltr'>hebraea</span> 
     </span>
     <span class='ocr_line' id='line_1_34' title="bbox 203 3358 2416 3450; baseline 0 -17"><span class='ocrx_word' id='word_1_291' title='bbox 203 3393 327 3433; x_wconf 88' lang='lat' dir='ltr'>non</span> <span class='ocrx_word' id='word_1_292' title='bbox 356 3385 447 3435; x_wconf 82' lang='lat' dir='ltr'>est</span> <span class='ocrx_word' id='word_1_293' title='bbox 473 3386 695 3435; x_wconf 88' lang='lat' dir='ltr'>tantum</span> <span class='ocrx_word' id='word_1_294' title='bbox 727 3379 1052 3437; x_wconf 87' lang='lat' dir='ltr'>aedificium</span> <span class='ocrx_word' id='word_1_295' title='bbox 1083 3358 1465 3439; x_wconf 83' lang='lat' dir='ltr'>habitationis</span> <span class='ocrx_word' id='word_1_296' title='bbox 1506 3390 1839 3450; x_wconf 84' lang='lat' dir='ltr'>exstruere,</span> <span class='ocrx_word' id='word_1_297' title='bbox 1892 3378 1989 3434; x_wconf 91' lang='lat' dir='ltr'>sed</span> <span class='ocrx_word' id='word_1_298' title='bbox 2028 3380 2203 3435; x_wconf 87' lang='lat' dir='ltr'>etiam</span> <span class='ocrx_word' id='word_1_299' title='bbox 2243 3378 2416 3436; x_wconf 85' lang='lat' dir='ltr'>fami-</span> 
     </span>
     <span class='ocr_line' id='line_1_35' title="bbox 205 3462 2478 3540; baseline 0.001 -24"><span class='ocrx_word' id='word_1_300' title='bbox 205 3462 379 3532; x_wconf 90' lang='lat' dir='ltr'>liam,</span> <span class='ocrx_word' id='word_1_301' title='bbox 421 3471 481 3519; x_wconf 91' lang='lat' dir='ltr'>et</span> <span class='ocrx_word' id='word_1_302' title='bbox 510 3481 631 3520; x_wconf 87' lang='lat' dir='ltr'>rem</span> <span class='ocrx_word' id='word_1_303' title='bbox 661 3462 1024 3537; x_wconf 82' lang='lat' dir='ltr'>familiarem,</span> <span class='ocrx_word' id='word_1_304' title='bbox 1064 3465 1391 3534; x_wconf 84' lang='lat' dir='ltr'>instituere,</span> <span class='ocrx_word' id='word_1_305' title='bbox 1433 3466 1785 3521; x_wconf 89' lang='lat' dir='ltr'>constituere</span> <span class='ocrx_word' id='word_1_306' title='bbox 1816 3472 1986 3539; x_wconf 85' lang='lat' dir='ltr'>atque</span> <span class='ocrx_word' id='word_1_307' title='bbox 2020 3480 2255 3540; x_wconf 74' lang='lat' dir='ltr'>augere,</span> <span class='ocrx_word' id='word_1_308' title='bbox 2295 3462 2415 3520; x_wconf 83' lang='lat' dir='ltr'>vid.</span> <span class='ocrx_word' id='word_1_309' title='bbox 2476 3535 2478 3538; x_wconf 12' lang='lat' dir='ltr'>v</span> 
     </span>
     <span class='ocr_line' id='line_1_36' title="bbox 203 3543 2417 3626; baseline 0.001 -25"><span class='ocrx_word' id='word_1_310' title='bbox 203 3543 317 3602; x_wconf 81' lang='lat' dir='ltr'>Ex.</span> <span class='ocrx_word' id='word_1_311' title='bbox 351 3547 410 3617; x_wconf 90' lang='lat' dir='ltr'>l,</span> <span class='ocrx_word' id='word_1_312' title='bbox 437 3547 539 3602; x_wconf 88' lang='lat'>21.</span> <span class='ocrx_word' id='word_1_313' title='bbox 584 3544 758 3604; x_wconf 81' lang='lat' dir='ltr'>Dent.</span> <span class='ocrx_word' id='word_1_314' title='bbox 788 3547 893 3619; x_wconf 84' lang='lat'>25,</span> <span class='ocrx_word' id='word_1_315' title='bbox 922 3548 980 3607; x_wconf 87' lang='lat'>9.</span> <span class='ocrx_word' id='word_1_316' title='bbox 1033 3551 1061 3604; x_wconf 94' lang='lat' dir='ltr'>l</span> <span class='ocrx_word' id='word_1_317' title='bbox 1087 3547 1243 3606; x_wconf 86' lang='lat' dir='ltr'>Sam.</span> <span class='ocrx_word' id='word_1_318' title='bbox 1266 3548 1335 3620; x_wconf 83' lang='lat'>-2,</span> <span class='ocrx_word' id='word_1_319' title='bbox 1364 3547 1466 3604; x_wconf 83' lang='lat'>35.</span> <span class='ocrx_word' id='word_1_320' title='bbox 1515 3549 1543 3604; x_wconf 90' lang='lat'>1</span> <span class='ocrx_word' id='word_1_321' title='bbox 1564 3546 1710 3626; x_wconf 83' lang='lat' dir='ltr'>Reg.</span> <span class='ocrx_word' id='word_1_322' title='bbox 1739 3547 1800 3616; x_wconf 88' lang='lat'>2,</span> <span class='ocrx_word' id='word_1_323' title='bbox 1825 3547 1924 3604; x_wconf 80' lang='lat'>24.</span> <span class='ocrx_word' id='word_1_324' title='bbox 1972 3547 2070 3619; x_wconf 85' lang='lat' dir='ltr'>ll,</span> <span class='ocrx_word' id='word_1_325' title='bbox 2096 3549 2198 3605; x_wconf 87' lang='grc'>38.</span> <span class='ocrx_word' id='word_1_326' title='bbox 2241 3547 2417 3604; x_wconf 82' lang='lat' dir='ltr'>Prov.</span> 
     </span>
     <span class='ocr_line' id='line_1_37' title="bbox 208 3626 2502 3705; baseline -0 -19"><span class='ocrx_word' id='word_1_327' title='bbox 208 3630 311 3702; x_wconf 84' lang='lat'>14,</span> <span class='ocrx_word' id='word_1_328' title='bbox 350 3631 403 3686; x_wconf 91' lang='lat'>1.</span> <span class='ocrx_word' id='word_1_329' title='bbox 434 3633 534 3688; x_wconf 86' lang='lat' dir='ltr'>ll.</span> <span class='ocrx_word' id='word_1_330' title='bbox 620 3630 711 3687; x_wconf 85' lang='lat' dir='ltr'>lta</span> <span class='ocrx_word' id='word_1_331' title='bbox 741 3640 800 3689; x_wconf 93' lang='lat' dir='ltr'>et</span> <span class='ocrx_word' id='word_1_332' title='bbox 833 3631 1072 3690; x_wconf 78' lang='lat' dir='ltr'>Graecis</span> <span class='ocrx_word' id='word_1_333' title='bbox 1101 3626 1270 3705; x_wconf 81' lang='grc' dir='ltr'><strong><em>οἶκος</em></strong></span> <span class='ocrx_word' id='word_1_334' title='bbox 1310 3650 1433 3689; x_wconf 86' lang='grc' dir='ltr'>ιιοιι</span> <span class='ocrx_word' id='word_1_335' title='bbox 1459 3638 1689 3689; x_wconf 85' lang='lat' dir='ltr'>tantum</span> <span class='ocrx_word' id='word_1_336' title='bbox 1725 3629 1924 3689; x_wconf 80' lang='lat' dir='ltr'>domus</span> <span class='ocrx_word' id='word_1_337' title='bbox 1960 3642 2069 3704; x_wconf 86' lang='lat' dir='ltr'>est,</span> <span class='ocrx_word' id='word_1_338' title='bbox 2106 3633 2208 3690; x_wconf 84' lang='lat' dir='ltr'>sed</span> <span class='ocrx_word' id='word_1_339' title='bbox 2240 3633 2415 3689; x_wconf 85' lang='lat' dir='ltr'>etiam</span> <span class='ocrx_word' id='word_1_340' title='bbox 2495 3669 2502 3676; x_wconf 83' lang='lat'>-</span> 
     </span>
     <span class='ocr_line' id='line_1_38' title="bbox 200 3713 2413 3792; baseline 0 -23"><span class='ocrx_word' id='word_1_341' title='bbox 200 3731 308 3771; x_wconf 78' lang='lat' dir='ltr'>res</span> <span class='ocrx_word' id='word_1_342' title='bbox 324 3713 690 3787; x_wconf 78' lang='lat' dir='ltr'>familiaris,</span> <span class='ocrx_word' id='word_1_343' title='bbox 719 3724 778 3771; x_wconf 90' lang='lat' dir='ltr'>et</span> <span class='ocrx_word' id='word_1_344' title='bbox 801 3714 1026 3774; x_wconf 88' lang='lat' dir='ltr'>Latinis</span> <span class='ocrx_word' id='word_1_345' title='bbox 1056 3716 1255 3775; x_wconf 76' lang='lat' dir='ltr'>domus</span> <span class='ocrx_word' id='word_1_346' title='bbox 1285 3718 1460 3773; x_wconf 89' lang='lat' dir='ltr'>etiam</span> <span class='ocrx_word' id='word_1_347' title='bbox 1484 3714 1739 3786; x_wconf 78' lang='lat' dir='ltr'>familia</span> <span class='ocrx_word' id='word_1_348' title='bbox 1769 3727 1879 3788; x_wconf 89' lang='lat' dir='ltr'>est,</span> <span class='ocrx_word' id='word_1_349' title='bbox 1915 3714 2175 3786; x_wconf 65' lang='lat' dir='ltr'>utz⁴Qui</span> <span class='ocrx_word' id='word_1_350' title='bbox 2204 3732 2413 3792; x_wconf 79' lang='lat' dir='ltr'>genus,</span> 
     </span>
     <span class='ocr_line' id='line_1_39' title="bbox 207 3797 2414 3878; baseline 0 -24"><span class='ocrx_word' id='word_1_351' title='bbox 207 3799 361 3856; x_wconf 79' lang='lat' dir='ltr'>unde</span> <span class='ocrx_word' id='word_1_352' title='bbox 403 3797 611 3858; x_wconf 76' lang='lat' dir='ltr'>domo?</span> <span class='ocrx_word' id='word_1_353' title='bbox 693 3798 1031 3878; x_wconf 74' lang='lat' dir='ltr'>significari</span> <span class='ocrx_word' id='word_1_354' title='bbox 1075 3812 1272 3858; x_wconf 87' lang='lat' dir='ltr'>autem</span> <span class='ocrx_word' id='word_1_355' title='bbox 1308 3798 1364 3856; x_wconf 84' lang='lat' dir='ltr'>h.</span> <span class='ocrx_word' id='word_1_356' title='bbox 1395 3801 1437 3855; x_wconf 90' lang='lat'>1.</span> <span class='ocrx_word' id='word_1_357' title='bbox 1476 3809 1818 3875; x_wconf 83' lang='lat' dir='ltr'>utrumque,</span> <span class='ocrx_word' id='word_1_358' title='bbox 1875 3802 2176 3876; x_wconf 87' lang='lat' dir='ltr'>sequentia</span> <span class='ocrx_word' id='word_1_359' title='bbox 2214 3807 2414 3857; x_wconf 87' lang='lat' dir='ltr'>osten·</span> 
     </span>
     <span class='ocr_line' id='line_1_40' title="bbox 210 3880 2415 3960; baseline 0 -24"><span class='ocrx_word' id='word_1_360' title='bbox 210 3880 393 3957; x_wconf 83' lang='lat' dir='ltr'>dunt3</span> <span class='ocrx_word' id='word_1_361' title='bbox 461 3903 593 3941; x_wconf 91' lang='lat' dir='ltr'>nam</span> <span class='ocrx_word' id='word_1_362' title='bbox 621 3882 709 3941; x_wconf 85' lang='lat' dir='ltr'>&#39;de</span> <span class='ocrx_word' id='word_1_363' title='bbox 759 3883 1001 3959; x_wconf 84' lang='lat' dir='ltr'>opibus,</span> <span class='ocrx_word' id='word_1_364' title='bbox 1053 3884 1312 3942; x_wconf 79' lang='lat' dir='ltr'>familiae</span> <span class='ocrx_word' id='word_1_365' title='bbox 1357 3883 1766 3940; x_wconf 84' lang='lat' dir='ltr'>sustentandae</span> <span class='ocrx_word' id='word_1_366' title='bbox 1808 3902 1983 3942; x_wconf 76' lang='lat' dir='ltr'>causa</span> <span class='ocrx_word' id='word_1_367' title='bbox 2027 3883 2415 3960; x_wconf 86' lang='lat' dir='ltr'>acquirendis,</span> 
     </span>
     <span class='ocr_line' id='line_1_41' title="bbox 108 3963 2414 4046; baseline 0.001 -26"><span class='ocrx_word' id='word_1_368' title='bbox 108 4021 122 4032; x_wconf 26' lang='grc' dir='ltr'>χ</span> <span class='ocrx_word' id='word_1_369' title='bbox 210 3963 397 4023; x_wconf 83' lang='lat' dir='ltr'>Versu</span> <span class='ocrx_word' id='word_1_370' title='bbox 427 3970 518 4042; x_wconf 82' lang='grc'>2.,</span> <span class='ocrx_word' id='word_1_371' title='bbox 570 3968 640 4026; x_wconf 90' lang='lat' dir='ltr'>de</span> <span class='ocrx_word' id='word_1_372' title='bbox 667 3968 865 4025; x_wconf 89' lang='lat' dir='ltr'>liberis</span> <span class='ocrx_word' id='word_1_373' title='bbox 897 3967 995 4025; x_wconf 86' lang='lat' dir='ltr'>Vs.</span> <span class='ocrx_word' id='word_1_374' title='bbox 1022 3971 1079 4027; x_wconf 88' lang='grc'>3.</span> <span class='ocrx_word' id='word_1_375' title='bbox 1111 3987 1233 4046; x_wconf 89' lang='lat' dir='ltr'>sqq.</span> <span class='ocrx_word' id='word_1_376' title='bbox 1271 3986 1460 4025; x_wconf 88' lang='lat' dir='ltr'>sermo</span> <span class='ocrx_word' id='word_1_377' title='bbox 1492 3977 1597 4025; x_wconf 89' lang='lat' dir='ltr'>est.</span> <span class='ocrx_word' id='word_1_378' title='bbox 1679 3967 1907 4024; x_wconf 90' lang='lat' dir='ltr'>Prioris</span> <span class='ocrx_word' id='word_1_379' title='bbox 1934 3970 2121 4046; x_wconf 82' lang='lat' dir='ltr'>igitur</span> <span class='ocrx_word' id='word_1_380' title='bbox 2151 3967 2414 4024; x_wconf 85' lang='lat' dir='ltr'>hemisti-</span> 
     </span>
     <span class='ocr_line' id='line_1_42' title="bbox 217 4048 2415 4128; baseline 0.002 -24"><span class='ocrx_word' id='word_1_381' title='bbox 217 4048 338 4106; x_wconf 87' lang='lat' dir='ltr'>chii</span> <span class='ocrx_word' id='word_1_382' title='bbox 367 4049 464 4109; x_wconf 86' lang='lat' dir='ltr'>hic</span> <span class='ocrx_word' id='word_1_383' title='bbox 491 4064 581 4110; x_wconf 90' lang='lat' dir='ltr'>est</span> <span class='ocrx_word' id='word_1_384' title='bbox 608 4069 843 4111; x_wconf 85' lang='lat' dir='ltr'>sensus:</span> <span class='ocrx_word' id='word_1_385' title='bbox 896 4054 1015 4111; x_wconf 90' lang='lat' dir='ltr'>nisi</span> <span class='ocrx_word' id='word_1_386' title='bbox 1045 4052 1204 4112; x_wconf 87' lang='lat' dir='ltr'>Deus</span> <span class='ocrx_word' id='word_1_387' title='bbox 1240 4071 1347 4128; x_wconf 88' lang='lat' dir='ltr'>ope</span> <span class='ocrx_word' id='word_1_388' title='bbox 1378 4070 1485 4110; x_wconf 88' lang='lat' dir='ltr'>sua</span> <span class='ocrx_word' id='word_1_389' title='bbox 1514 4051 1670 4109; x_wconf 84' lang='lat' dir='ltr'>adsit</span> <span class='ocrx_word' id='word_1_390' title='bbox 1697 4049 1894 4109; x_wconf 86' lang='lat' dir='ltr'>domui</span> <span class='ocrx_word' id='word_1_391' title='bbox 1930 4063 2099 4126; x_wconf 88' lang='lat' dir='ltr'>atque</span> <span class='ocrx_word' id='word_1_392' title='bbox 2129 4053 2217 4108; x_wconf 89' lang='lat' dir='ltr'>rei</span> <span class='ocrx_word' id='word_1_393' title='bbox 2243 4051 2415 4108; x_wconf 73' lang='lat' dir='ltr'>fami·</span> 
     </span>
     <span class='ocr_line' id='line_1_43' title="bbox 212 4134 2419 4216; baseline -0 -25"><span class='ocrx_word' id='word_1_394' title='bbox 212 4134 354 4191; x_wconf 85' lang='lat' dir='ltr'>liari</span> <span class='ocrx_word' id='word_1_395' title='bbox 396 4137 828 4195; x_wconf 79' lang='lat' dir='ltr'>constituendae</span> <span class='ocrx_word' id='word_1_396' title='bbox 878 4146 1050 4214; x_wconf 88' lang='lat' dir='ltr'>atque</span> <span class='ocrx_word' id='word_1_397' title='bbox 1096 4136 1430 4216; x_wconf 83' lang='lat' dir='ltr'>augendae,</span> <span class='ocrx_word' id='word_1_398' title='bbox 1413 4152 1429 4168; x_wconf 93' lang='lat'><strong>·</strong></span> <span class='ocrx_word' id='word_1_399' title='bbox 1495 4135 1718 4194; x_wconf 81' lang='lat' dir='ltr'>frustra</span> <span class='ocrx_word' id='word_1_400' title='bbox 1764 4136 2125 4192; x_wconf 88' lang='lat' dir='ltr'>consumitur</span> <span class='ocrx_word' id='word_1_401' title='bbox 2165 4135 2419 4192; x_wconf 84' lang='lat' dir='ltr'>humana</span> 
     </span>
     <span class='ocr_line' id='line_1_44' title="bbox 217 4219 2419 4298; baseline -0 -23"><span class='ocrx_word' id='word_1_402' title='bbox 217 4235 415 4293; x_wconf 88' lang='lat' dir='ltr'>opera,</span> <span class='ocrx_word' id='word_1_403' title='bbox 439 4236 583 4294; x_wconf 87' lang='lat' dir='ltr'>quae</span> <span class='ocrx_word' id='word_1_404' title='bbox 612 4239 718 4278; x_wconf 88' lang='lat' dir='ltr'>suo</span> <span class='ocrx_word' id='word_1_405' title='bbox 745 4221 940 4281; x_wconf 84' lang='lat' dir='ltr'>studio</span> <span class='ocrx_word' id='word_1_406' title='bbox 966 4240 1182 4298; x_wconf 85' lang='lat' dir='ltr'>susque</span> <span class='ocrx_word' id='word_1_407' title='bbox 1208 4222 1499 4281; x_wconf 81' lang='lat' dir='ltr'>industria</span> <span class='ocrx_word' id='word_1_408' title='bbox 1525 4219 1638 4277; x_wconf 85' lang='lat' dir='ltr'>hoc</span> <span class='ocrx_word' id='word_1_409' title='bbox 1666 4237 1729 4277; x_wconf 88' lang='lat' dir='ltr'>se</span> <span class='ocrx_word' id='word_1_410' title='bbox 1755 4219 2080 4296; x_wconf 81' lang='lat' dir='ltr'>perfectura</span> <span class='ocrx_word' id='word_1_411' title='bbox 2104 4221 2419 4278; x_wconf 84' lang='lat' dir='ltr'>existimat.</span> 
     </span>
     <span class='ocr_line' id='line_1_45' title="bbox 214 4300 2424 4382; baseline -0 -21"><span class='ocrx_word' id='word_1_412' title='bbox 214 4301 287 4361; x_wconf 88' lang='lat' dir='ltr'>ln</span> <span class='ocrx_word' id='word_1_413' title='bbox 323 4303 507 4359; x_wconf 76' lang='lat' dir='ltr'>altero</span> <span class='ocrx_word' id='word_1_414' title='bbox 537 4302 895 4364; x_wconf 86' lang='lat' dir='ltr'>hemistichio</span> <span class='ocrx_word' id='word_1_415' title='bbox 936 4313 1056 4367; x_wconf 60' lang='grc' dir='ltr'>’μιν</span> <span class='ocrx_word' id='word_1_416' title='bbox 1082 4306 1344 4378; x_wconf 73' lang='lat' dir='ltr'>civitae,</span> <span class='ocrx_word' id='word_1_417' title='bbox 1396 4300 1716 4367; x_wconf 68' lang='grc' dir='ltr'>πολιτείαν</span> <span class='ocrx_word' id='word_1_418' title='bbox 1754 4305 1941 4360; x_wconf 90' lang='lat' dir='ltr'>omnis</span> <span class='ocrx_word' id='word_1_419' title='bbox 1973 4307 2203 4382; x_wconf 81' lang='lat' dir='ltr'>generis</span> <span class='ocrx_word' id='word_1_420' title='bbox 2236 4304 2424 4382; x_wconf 78' lang='lat' dir='ltr'>signi·</span> 
     </span>
     <span class='ocr_line' id='line_1_46' title="bbox 213 4373 2428 4466; baseline -0.002 -20"><span class='ocrx_word' id='word_1_421' title='bbox 213 4386 373 4461; x_wconf 86' lang='lat' dir='ltr'>ficat,</span> <span class='ocrx_word' id='word_1_422' title='bbox 413 4384 524 4446; x_wconf 88' lang='lat' dir='ltr'>hoe</span> <span class='ocrx_word' id='word_1_423' title='bbox 551 4404 756 4445; x_wconf 85' lang='lat' dir='ltr'>sensu·</span> <span class='ocrx_word' id='word_1_424' title='bbox 798 4389 918 4448; x_wconf 90' lang='lat' dir='ltr'>nisi</span> <span class='ocrx_word' id='word_1_425' title='bbox 938 4373 1102 4450; x_wconf 70' lang='lat' dir='ltr'>Delu</span> <span class='ocrx_word' id='word_1_426' title='bbox 1128 4407 1237 4449; x_wconf 88' lang='lat' dir='ltr'>suo</span> <span class='ocrx_word' id='word_1_427' title='bbox 1269 4390 1563 4466; x_wconf 78' lang='lat' dir='ltr'>praesidio</span> <span class='ocrx_word' id='word_1_428' title='bbox 1590 4388 1745 4448; x_wconf 86' lang='lat' dir='ltr'>adsit</span> <span class='ocrx_word' id='word_1_429' title='bbox 1770 4389 2019 4463; x_wconf 84' lang='lat' dir='ltr'>civitati,</span> <span class='ocrx_word' id='word_1_430' title='bbox 2046 4398 2107 4448; x_wconf 88' lang='lat' dir='ltr'>et</span> <span class='ocrx_word' id='word_1_431' title='bbox 2136 4387 2428 4448; x_wconf 79' lang='lat' dir='ltr'>custodiat</span> 
     </span>
    </p>
   </div>
  </div>
 </body>
</html>
