2807 4913
350 239 571 353 162]
1080 235 1086 243 ⁸
1194 297 1197 300 “
1319 285 1441 350 1³0.
1491 280 1608 346 25.

350 488 495 528 nna
515 486 646 525 eum
695 464 1065 524 confessione
1104 475 1510 542 peccatorum,
1572 483 1819 541 quorun
1856 482 2071 542 poenes
2117 481 2276 522 nuno
2312 482 2376 523 se
2420 468 2581 526 luera*

354 555 645 635 agnoscit,
689 553 898 627 quibus
933 550 1167 611 tandem
1197 552 1438 610 liberari
1473 554 1660 628 petit.
2571 575 2578 582 ·

524 637 634 695 Est
667 636 762 693 hic
792 635 1054 692 Psalmus
1092 637 1313 712 primus
1353 655 1595 710 eorum,
1645 636 1745 711 qui
1786 632 2219 694 acrostichidis
2263 601 2581 694 ostendunt

356 709 705 791 artificium,
767 738 882 795 quo
923 721 1144 799 singuli
1183 724 1276 779 vel
1304 722 1522 798 Versus
1556 723 1652 779 vel
1688 718 1957 796 strophae
1992 721 2181 777 literis
2225 721 2579 796 primoribus

361 808 624 867 ordinem
670 804 926 862 Hebraei
971 804 1264 881 alphabeti
1303 812 1759 881 repraesentant.
1846 802 2027 880 Cujus
2072 806 2161 861 rei
2207 805 2378 878 plui-a
2422 806 2578 881 inter

292 915 295 916 ⁷
359 909 525 950 saera
562 898 827 965 poemata
869 892 1134 962 exempla
1176 898 1414 947 exstant
1458 886 1597 968 (Ps.
1629 890 1729 947 34.
1768 890 1871 945 37.
1908 890 2045 946 109.
2081 890 2219 960 112.
2267 892 2404 948 119.
2438 888 2578 953 145,

358 976 536 1035 Prov.
565 976 664 1031 31.
699 993 735 1030 a
762 983 1043 1031 commate
1076 976 1174 1030 10.
1204 975 1278 1032 ad
1301 975 1494 1032 finem.
1553 971 1667 1031 Jer.
1699 972 1924 1030 Threni
1953 992 2056 1049 per
2087 982 2296 1045 totum,
2335 983 2579 1049 excepto

361 1062 571 1138 ultimo
610 1057 863 1135 capite),
910 1076 1018 1115 nec
1062 1077 1179 1115 non
1218 1062 1371 1116 inter
1405 1058 1651 1135 Syriaca
1690 1068 1748 1115 et
1788 1057 2042 1115 Persica.
2128 1056 2403 1118 caussam
2438 1055 2610 1115 vero'

359 1144 533 1218 hujus
579 1144 842 1200 instituti
890 1152 1107 1199 certam
1145 1162 1219 1200 ne
1261 1142 1513 1201 Hebraei
1558 1143 1786 1218 quidem
1828 1142 2067 1200 reddere
2107 1152 2368 1219 possunt.
2453 1141 2581 1200 No-

364 1230 635 1287 stratium
671 1229 967 1285 nonnullis
1005 1245 1180 1284 causa
1214 1228 1535 1303 probabilis
1572 1226 1805 1285 videtur
1845 1245 1968 1283 esse
2008 1226 2184 1299 haec,
2240 1227 2581 1285 memoriam

363 1312 479 1370 hoe
514 1311 764 1370 artificio
797 1314 1003 1385 juvare
1047 1315 1299 1369 voluisse
1346 1322 1582 1386 poetaS,
1634 1322 1703 1369 ut
1734 1312 1839 1367 alii
1869 1312 2015 1368 talia
2053 1314 2313 1372 earmina
2345 1311 2581 1379 facilius

364 1398 763 1468 addiscerent,
805 1406 864 1453 et
894 1398 1248 1454 commodius
1275 1397 1741 1455 recordarentur.
1826 1395 2010 1460 Nobis
2044 1415 2173 1453 cum
2203 1412 2285 1453 DE
2313 1394 2580 1453 werno

367 1485 457 1557 (in
505 1481 773 1559 Prolegg.
820 1480 892 1538 ad
936 1478 1321 1539 Commentar.
1368 1483 1431 1538 in
1471 1480 1591 1537 Pss.
1632 1500 1687 1555 p.
1721 1481 1819 1537 66.
1865 1482 1951 1537 ed.
1984 1481 2151 1552 tert.)
2199 1491 2259 1538 et
2299 1480 2580 1538 BELLER4

368 1582 586 1625 MANNo
635 1562 934 1640 (Ver-such
979 1566 1080 1642 sb.
1108 1566 1163 1623 d.
1194 1563 1421 1622 Men-ik
1454 1564 1508 1624 d.
1539 1564 1844 1636 Hebriier,
1889 1583 1948 1640 p.
1986 1561 2151 1641 101.)
2194 1565 2425 1634 videtur
2454 1583 2579 1620 non

369 1653 486 1708 alia
521 1669 696 1709 causa
735 1651 915 1706 fuisse
950 1649 1230 1722 ejusmodi
1268 1660 1594 1706 structurae
1619 1652 1937 1706 carminum
1966 1650 2360 1727 quorundam,
2404 1646 2580 1726 quam

365 1735 622 1792 studium
648 1745 884 1810 poetae,
928 1734 1303 1791 artificiosius
1336 1731 1607 1810 aliquod,
1652 1736 1723 1791 ad
1758 1742 2057 1791 externam
2099 1737 2272 1791 etiam
2312 1723 2580 1803 formam,

367 1836 600 1876 carmen
648 1820 969 1906 pangendi.
1053 1818 1253 1895 Neque
1309 1828 1506 1875 tamen
1561 1820 1786 1876 ordinis
1833 1818 2176 1894 alphabetici
2223 1821 2307 1874 ita
2351 1830 2581 1874 tenaces

368 1904 608 1974 fuerunt
637 1912 835 1978 poetae
867 1901 1165 1975 Hebraei,
1191 1911 1258 1959 ut
1286 1904 1349 1959 in
1381 1903 1647 1959 omnibus
1683 1921 1751 1958 ae
1781 1903 2031 1981 singulis
2060 1903 2342 1977 ejusmodi
2370 1903 2581 1958 carmi-

368 1988 543 2042 nibus
588 2005 888 2042 numerum
935 1987 1346 2044 elementorum
1392 1988 1517 2042 sine
1564 1988 1685 2043 ulla
1727 1988 2158 2060 interruptione
2206 1996 2306 2043 aut
2357 1985 2579 2050 defectu

370 2070 561 2128 literis
587 2070 910 2127 initialibus
944 2070 1496 2146 repraesentandum·
1519 2073 1938 2128 existimarent.
2025 2071 2126 2127 Sic
2159 2074 2220 2127 in
2255 2080 2454 2127 nostro
2484 2069 2582 2128 Ps.

374 2156 489 2212 duo
520 2155 762 2230 ,priores
807 2157 1083 2212 versiculi
1125 2155 1474 2213 inchoantur
1512 2173 1549 2212 a
1593 2157 1766 2212 litera
1804 2152 2027 2233 Aleph,
2082 2157 2275 2212 nullus
2325 2173 2362 2212 a
2402 2151 2581 2211 Beck..

369 2239 596 2299 Rursus
632 2239 827 2296 nullus
857 2245 920 2298 in
952 2260 1020 2298 eo
1049 2237 1138 2297 est
1164 2239 1412 2312 VersuS,
1456 2241 1558 2315 qui
1589 2239 1894 2296 inchoetur
1925 2258 1959 2295 a
1991 2243 2162 2297 litera
2191 2238 2344 2309 Van,
2385 2239 2582 2294 ‘nullus

373 2344 410 2382 a
451 2321 632 2401 Koph
674 2325 993 2399 incipiens,
1053 2325 1168 2382 duo
1206 2335 1346 2382 sunt
1386 2344 1528 2383 vero
1574 2343 1610 2381 a
1654 2321 1852 2382 Resclz
1893 2326 2269 2401 incipientes3
2331 2325 2583 2397 denique

371 2419 504 2486 post
533 2410 763 2466 literam
799 2407 932 2474 Tau
969 2408 1203 2468 additur
1239 2411 1301 2466 in
1336 2409 1452 2467 fine
1489 2410 1809 2468 versiculus
1847 2426 1884 2466 a
1924 2411 2093 2468 litera
2120 2407 2238 2466 Phe
2278 2410 2580 2486 incipiens.

371 2497 554 2563 Quem
601 2494 829 2568 quidem
873 2497 1081 2557 minus
1109 2503 1443 2561 accuratum
1478 2496 1778 2557 literarum
1822 2496 2083 2552 ordinem
2125 2488 2356 2571 quidam
2400 2493 2583 2550 libra-

369 2581 590 2653 riorum
639 2579 972 2636 tribuerunt
1014 2581 1306 2651 incuriae,
1363 2598 1479 2655 qua
1518 2579 1733 2636 Versus
1777 2581 2101 2655 perturbati
2139 2589 2198 2636 et
2237 2577 2584 2653 transpositi

374 2663 610 2720 fuerint.
694 2663 865 2729 Quod
910 2674 1106 2720 tamen
1135 2681 1222 2719 *eo
1268 2664 1462 2720 minus
1522 2664 1795 2721 credibile
1840 2673 1963 2737 est,
2028 2684 2142 2740 quo
2193 2666 2381 2743 magis
2433 2658 2580 2719 illud

373 2750 600 2820 ipsum,
657 2747 809 2820 quod
840 2748 1028 2806 literis
1055 2746 1340 2805 versuum
1376 2749 1699 2806 initialibus
1744 2747 2034 2824 alphabeti
2073 2749 2214 2820 ordo
2245 2765 2582 2823 repraesen-
2627 2756 2642 2765 ·

373 2831 586 2888 tandus
617 2839 778 2901 erat,
814 2832 1188 2889 librariorum
1225 2835 1607 2890 attentionem
1640 2835 1894 2890 excitare
1925 2832 2137 2890 debuit.
2220 2832 2360 2904 Nec,
2404 2833 2457 2887 si
2485 2832 2584 2886 vel

357 2917 436 2972 'in
481 2933 599 2971 uno
644 2914 900 2973 alterove
939 2918 1138 2975 codice
1169 2917 1399 2975 librarii
1437 2919 1604 2993 culpa
1631 2918 1845 2975 Versus
1880 2920 2081 2975 omissi
2112 2918 2206 2974 vel
2241 2916 2590 2990 transpositi*

369 2999 651 3072 fuissent,
711 3000 984 3058 credibile
1017 3010 1142 3074 est,
1195 3012 1314 3081 tam
1350 3014 1579 3078 apertos
1614 3020 1838 3059 errores
1870 3022 1971 3078 per
2005 3020 2202 3059 omnes
2235 3003 2460 3058 codices
2498 3002 2583 3055 ’rta

371 3094 723 3163 propagatos
751 3084 966 3157 fuisse,
1011 3096 1078 3143 ut
1115 3105 1285 3152 verae
1324 3089 1593 3144 lectionis
1634 3107 1706 3147 ne
1744 3089 2061 3166 vestigium
2105 3087 2333 3163 quidem
2376 3102 2584 3160 super-

363 3179 542 3238 esset.
628 3167 743 3224 Sed
772 3170 1043 3229 videntur
1070 3174 1131 3227 in
1160 3170 1489 3244 hujusmodi
1519 3173 1873 3229 carminibus
1900 3164 2211 3229 condendis
2241 3182 2440 3248 poetae
2468 3169 2588 3242 ipsi

372 3252 646 3311 nonnihil
673 3255 939 3311 licentiae
965 3258 1080 3313 sibi
1106 3254 1396 3313 interdum
1425 3275 1752 3336 arrogasse,
1782 3270 1848 3313 ut
1872 3256 1999 3313 fieri
2028 3258 2089 3313 in
2117 3253 2273 3313 omni
2304 3254 2588 3335 ejusmodi

374 3337 625 3396 artificio
664 3340 929 3395 assolet.¹
985 3341 1115 3407 Quo
1148 3342 1419 3414 pertinet,
1462 3340 1615 3418 quod
1646 3344 1710 3398 in
1740 3351 1945 3398 nostro
1980 3339 2213 3398 Psalmo
2244 3342 2416 3398 litera
2451 3337 2504 3396 V
2502 3356 2583 3395 aa

374 3440 496 3478 non
522 3422 801 3495 Versum,
843 3434 911 3481 ut
942 3425 1214 3496 debebat,
1271 3425 1370 3487 sed
1403 3426 1576 3483 modo
1608 3426 1893 3502 posterius
1927 3424 2141 3481 Versus
2171 3426 2364 3502 quinti
2393 3425 2582 3482 hemi-

372 3506 646 3564 stichium
686 3503 852 3586 (η’-,73
859 3504 956 3588 ἰῇ)
993 3510 1319 3582 exorditur,
1363 3510 1515 3586 quod
1549 3513 1735 3585 ipsum
1766 3520 1827 3566 et
1853 3509 2081 3566 Psalmo
2112 3511 2213 3566 34.
2252 3509 2448 3567 eadem
2480 3511 2585 3566 illa

374 3591 551 3648 litera
594 3587 849 3649 factum
852 3591 957 3651 es't.
1042 3590 1222 3672 Κορῆ
1278 3614 1419 3653 vero
1468 3596 1642 3652 etiam
1693 3597 1757 3651 in
1813 3595 2003 3652 media
2054 3613 2198 3652 voce
2254 3597 2583 3686 ’ττῆρἾ3ζ7373

369 3673 501 3750 (Vs.
542 3673 670 3754 17.)
715 3678 964 3750 positum
1012 3677 1303 3735 suffecisse
1345 3690 1546 3754 poetae
1590 3679 1864 3736 creditur.
1946 3678 2164 3736 Eodem
2200 3675 2584 3748 referendum,

371 3761 528 3835 quod
558 3761 661 3817 Vs.
691 3764 751 3817 2.
787 3773 921 3818 ante
956 3762 1043 3843 ετξ
1071 3765 1289 3841 legitur
1323 3761 1523 3844 ’ζ’ἒζς,
1566 3784 1736 3841 quam
1767 3783 1999 3835 vocem,
2042 3765 2346 3824 literarum
2374 3764 2587 3820 seriem

371 3844 734 3918 turbantem,
774 3844 1104 3919 eliminare,
1150 3867 1217 3905 ac
1249 3845 1507 3906 librariis
1539 3851 1899 3926 relinquere,
1939 3867 2106 3906 nemo
2147 3846 2319 3905 facile
2352 3845 2586 3917 audeat,
2665 3900 2674 3904 -

373 3930 476 4004 qui
518 3931 774 3988 modeste
813 3933 1056 3988 criticen
1097 3934 1471 3990 exercendam
1521 3943 1721 4011 putet,
1782 3935 1919 4009 quia
1958 3950 2155 3991 omnes
2194 3935 2353 3988 illam
2402 3933 2587 4006 prisci

370 4014 718 4088 interpretes
762 4015 1087 4094 legerunt
1137 4017 1287 4074 illud
1331 4014 1453 4080 ³3⁹:
1460 4033 1504 4080 N
1545 4029 1713 4075 extra
1746 4036 2046 4074 numerum
2082 4015 2297 4073 Versus
2328 4018 2583 4092 positum

370 4097 634 4172 videtur,
674 4100 1150 4176 quemadmodum
1187 4103 1339 4176 apud
1370 4086 1724 4161 Graecorum
1760 4103 2045 4180 Tragicos
2084 4096 2276 4180 φ’μοι,
2320 4103 2582 4177 aliaeque

369 4178 703 4258 hujusmodi
733 4202 925 4255 voceS,
946 4187 1143 4241 animi
1179 4185 1447 4244 affectum
1470 4189 1817 4258 indicantes,
1862 4186 2155 4244 abundare
2193 4188 2402 4244 solent.
2490 4185 2582 4243 Ad

217 4264 223 4315 ἶ
294 4290 297 4293 ·
369 4263 526 4324 hane
563 4287 705 4327 vero
730 4262 1083 4342 poetarum
1080 4272 1164 4327 in
1211 4273 1437 4328 minuto
1478 4272 1730 4347 artificio
1774 4271 2097 4329 libertatem
2148 4272 2387 4329 minime
2433 4269 2579 4327 refe-

364 4352 608 4411 rendum
637 4353 906 4425 videtur,
952 4354 1107 4432 quod
1138 4365 1340 4414 nostro
1366 4360 1629 4417 ‘carmine
1664 4365 1797 4435 post
1839 4369 1894 4417 n·
1920 4356 2153 4415 additur
2183 4355 2396 4414 Versus
2430 4357 2581 4411 alius

894 4527 928 4564 N
