2807 4913
1047 281 1170 361 Po.
1220 274 1344 363 42,
1408 298 1469 341 ι.
1519 297 1601 345 2.
1940 299 1977 388 η’
2273 272 2419 347 281

149 453 150 460 ¹
216 474 279 522 et
322 461 658 531 Elcfmonn
700 461 765 520 ln
799 459 905 523 der
936 461 1181 520 Einteit.
1210 462 1273 529 in
1307 460 1418 521 das
1451 461 1525 520 A.
1560 457 1630 518 T.
1673 457 1738 518 P.
1768 459 1870 519 111.
1917 478 1972 537 p.
1999 464 2145 520 408.
2193 465 2283 522 ed.
2319 480 2431 521 sec.

216 549 483 611 Psalmos
524 548 661 604 illos
704 565 827 604 non
879 567 914 605 a
953 548 1178 607 Davide
1225 548 1572 622 compositos
1613 545 1916 619 judicavit.
1996 546 2124 604 Jam
2167 567 2307 605 vero
2354 548 2430 605 ad

215 644 490 693 nostrum
517 630 607 687 Ps.
639 631 792 706 quod
820 635 1052 703 attinet,
1101 651 1276 709 quum
1310 652 1340 688 e
1373 630 1459 702 Ps.
1489 631 1594 700 23,
1625 632 1662 686 6
1681 660 1766 673 -
1785 633 1843 686 8.
1888 632 1991 703 27,
2021 634 2079 688 4.
2115 641 2175 692 et
2206 631 2299 689 Pa.
2328 633 2429 692 63.

218 719 469 794 aliisque
522 713 680 772 haud
737 717 908 773 dubie
961 715 1265 774 Davidicis
1318 715 1672 772 carminibus
1730 716 1873 771 satis
1919 726 2149 792 pateat,
2213 714 2429 793 quanto

218 801 418 861 David
468 802 622 856 sacri
671 811 867 857 coetus
915 802 1200 859 desiderio
1246 801 1552 874 studioque
1601 798 1899 880 flagrarit,
1965 801 2035 857 de
2077 819 2191 903 quo
2233 802 2431 861 eodem

221 896 286 943 et
332 885 429 941 hic
472 885 736 943 Psalmus
780 888 977 954 canit;
1038 904 1325 968 quumque
1371 893 1667 957 praeterea
1710 884 1881 957 hujus
1923 887 2197 943 carminis
2234 885 2330 943 Vs.
2364 890 2425 947 7.

212 969 461 1044 Dandi,
506 988 697 1025 coram
729 970 1023 1043 Absalom,
1061 971 1206 1042 filio,
1241 968 1515 1047 fugienti,
1556 969 1810 1043 apprime
1842 981 2163 1047 congruat3
2214 991 2322 1052 ego
2356 973 2430 1031 ad

221 1054 376 1114 hanc
422 1057 706 1128 perducor
753 1057 1119 1129 opinionem,l
1191 1064 1419 1130 poetam
1475 1055 1756 1126 quendam
1807 1051 2102 1111 Coraitam
2134 1076 2268 1114 non
2312 1068 2432 1115 tam

220 1158 330 1199 sua
377 1139 592 1213 ipsius,
654 1157 826 1213 quam
871 1141 975 1196 sub
1015 1138 1262 1197 Davidis
1301 1138 1497 1210 potius
1538 1155 1782 1212 persona
1825 1135 1921 1193 hic
1964 1158 2184 1197 canere.
2270 1141 2431 1209 Quae

155 1253 180 1262 2-
224 1224 560 1296 conjectura
601 1224 988 1282 commendari
1027 1222 1259 1282 videtur
1298 1241 1403 1293 eo,
1458 1222 1613 1296 quod
1648 1222 1740 1279 Ps.
1772 1221 1870 1280 84.
1888 1262 1905 1293 ,
1954 1224 2054 1298 qui
2098 1226 2297 1284 itidem
2341 1235 2430 1284 est

223 1306 590 1379 Coraiticus,
655 1319 714 1364 et
755 1319 1158 1388 argumentum
1199 1307 1371 1363 habet
1413 1324 1540 1361 cum
1586 1316 1789 1363 nostro
1833 1323 2071 1381 prorsus
2116 1328 2433 1382 commune,

221 1390 411 1449 Versu
459 1392 558 1448 10.
616 1392 828 1450 diserte
888 1409 1087 1468 regem
1145 1401 1476 1467 precantem
1531 1386 1775 1446 inducit.
1861 1389 2180 1469 Utrumque
2242 1406 2433 1452 autem

223 1474 554 1547 Psalmum‚
607 1487 666 1533 et
706 1476 895 1548 hunc,
940 1488 999 1533 et
1037 1479 1139 1535 84.
1124 1518 1174 1549 .,
1239 1478 1308 1532 ad
1348 1475 1452 1531 illa
1484 1485 1745 1549 tempora
1775 1477 2098 1578 pertinere,
2157 1498 2287 1537 cum
2334 1500 2432 1555 per

215 1559 507 1638 ,Davidem
540 1579 736 1617 omnes
767 1564 1124 1619 ceremoniae
1159 1570 1351 1617 essent
1382 1562 1721 1630 restitutae,
1781 1560 2038 1634 festaque
2064 1565 2183 1636 J‘am
2213 1565 2434 1639 pridem

224 1646 525 1719 coeperint
564 1644 738 1721 digne
775 1645 1091 1719 celebrari,
1130 1646 1353 1723 legenti
1390 1645 1536 1699 satis
1575 1646 1831 1720 patebit,
1888 1652 1948 1701 et
1987 1648 2088 1719 81,
2121 1650 2181 1707 8.
2227 1648 2434 1705 Zionis

224 1737 498 1804 expressa
544 1727 700 1785 facta
742 1740 831 1787 est
873 1733 1114 1789 mentio.
1197 1729 1293 1788 Ex
1329 1728 1537 1805 quibus
1583 1729 1849 1786 oniuibus
1892 1731 2063 1788 simul
2107 1720 2434 1806 conficitur,

221 1812 613 1873 infortunium
643 1815 830 1886 illud,
873 1814 941 1870 de
973 1833 1086 1891 quo
1114 1823 1385 1892 questus,
1429 1832 1502 1869 ex
1535 1822 1738 1869 nostra
1770 1816 2092 1888 sententia,
2139 1819 2436 1876 inducitur

222 1896 323 1956 hic
346 1896 627 1970 Davides‚
671 1900 936 1975 quodque
967 1920 1095 1957 eum
1132 1918 1168 1957 a
1198 1900 1380 1955 sacris
1413 1897 1591 1956 Jovae
1625 1898 1960 1970 abstineret,
2005 1899 2183 1959 fuisse
2212 1903 2433 1980 fugam,

226 1992 577 2059 quapropter
622 1983 728 2040 filii
779 1985 1234 2058 conjurationem
1278 1986 1436 2041 vitae
1494 1992 1553 2039 et
1601 1984 1785 2040 saluti
1841 1987 2141 2058 consulere
2198 1997 2433 2045 coaetus

225 2077 391 2138 erat,
435 2065 503 2122 de
535 2085 649 2143 qua
680 2068 893 2127 2Sam.
933 2071 1027 2139 17,
1060 2070 1161 2124 22.
1195 2087 1320 2143 sqq.
1403 2067 1482 2125 Et
1516 2064 1717 2122 forsan
1753 2087 1821 2123 eo
1854 2079 2142 2142 tempore,
2182 2091 2296 2148 quo
2333 2071 2436 2128 ina

225 2107 477 2223 accidit,
537 2169 714 2210 unum
764 2154 1042 2232 agebatur
1085 2173 1158 2217 ex
1204 2153 1528 2228 praecipuis
1571 2151 1688 2207 illis
1733 2150 1932 2224 festis,
1994 2155 2202 2228 quibus
2241 2155 2439 2212 cuncti
2536 2169 2539 2172 ‘

223 2234 535 2296 Israelitiei
568 2256 756 2294 mares
800 2239 873 2296 ad
906 2240 1130 2310 locum,
1172 2240 1238 2294 in
1269 2254 1381 2311 quo
1415 2235 1594 2293 fixum
1626 2245 1752 2292 erat
1785 2238 2248 2311 tabernaculum,
2294 2258 2437 2295 con-

222 2320 575 2393 veniebant,
628 2321 740 2379 Ex.
778 2323 881 2395 23,
916 2324 1020 2379 14.
1042 2341 1197 2399 seqq.
1283 2323 1472 2388 Quum
1519 2322 1712 2395 itaque
1753 2339 1921 2377 nemo
1963 2325 2151 2401 magis
2192 2323 2439 2395 arderet,

224 2400 378 2464 festa
411 2402 588 2463 Jovae
620 2408 928 2480 celebrare,
971 2425 1092 2465 non
1123 2407 1317 2483 potuit
1352 2406 1481 2483 regi
1517 2405 1613 2480 pio
1645 2424 1763 2463 non
1794 2405 2265 2465 molestissimum
2290 2425 2438 2478 esse,

227 2490 292 2547 id
331 2490 445 2546 sibi
478 2493 715 2548 minime
753 2495 943 2550 licere.
1030 2490 1201 2559 Quod
1240 2491 1601 2547 occasionem
1645 2489 1866 2547 dedisse
1907 2492 2136 2548 videtur
2166 2491 2441 2564 Coraitis,

224 2583 297 2629 ut
328 2574 519 2649 plures
549 2574 808 2633 Psalmos
841 2575 948 2632 hae
976 2576 1045 2635 de
1076 2595 1139 2634 re
1171 2583 1612 2652 componerent,
1664 2577 1726 2632 in
1756 2576 1962 2651 quibus
1998 2577 2153 2654 regis
2185 2596 2440 2634 summo-

224 2676 366 2734 pere
407 2657 627 2716 adflicti
667 2671 902 2734 questus
938 2670 997 2717 et
1033 2679 1229 2737 preces
1268 2659 1693 2731 exprimerent,
1755 2671 1927 2736 atque
1957 2679 2024 2716 ea
2058 2662 2315 2719 carmina
2348 2662 2443 2718 vel

230 2743 339 2800 illo
382 2744 507 2818 ipso
549 2756 835 2821 tempore,
877 2747 970 2803 vel
1003 2742 1400 2821 postmodum,
1445 2744 1506 2799 in
1540 2746 1767 2801 illarum
1803 2745 2195 2803 calamitatum
2227 2764 2443 2802 memo-

133 2864 136 2871 ‹
225 2828 415 2899 riam,
472 2830 626 2885 inter
665 2849 830 2887 saera
870 2831 1260 2887 decantarent.
1344 2828 1482 2886 Non
1524 2830 1650 2886 sine
1697 2830 1892 2905 aliqua
1934 2831 2059 2885 veri
2100 2831 2286 2904 speeie
2331 2839 2442 2902 est,

189 2927 195 2941 ·
230 2911 387 2984 quod
430 2914 666 2986 conjicit
710 2913 949 2972 PAULUS
990 2916 1053 2972 in
1088 2913 1260 2969 Clavi
1303 2915 1616 2988 arrisitque
1665 2923 1724 2970 et
1763 2911 1860 2970 DE
1890 2911 2189 2987 VVE'r'rlo,
2245 2912 2449 2973 haberi

227 2992 326 3052 hic
374 2998 597 3076 elegum
640 2999 991 3071 sacerdotis,
1049 2999 1151 3074 qui
1188 2998 1323 3054 exul
1364 2998 1565 3074 procul
1603 3017 1638 3054 a
1674 2999 1887 3075 templo
1932 3012 2259 3057 versarctur
2291 3001 2445 3057 iuter

231 3081 612 3160 alienigenas,
650 3085 752 3161 qui
782 3085 896 3163 ipsi
931 3084 1003 3142 ob
1033 3083 1303 3196 fiduciam
1342 3083 1407 3141 in
1433 3075 1585 3140 Jova
1618 3083 1869 3161 positam
1904 3079 2232 3141 illuderent.

410 3249 474 3306 2.
562 3247 773 3324 Canit,
838 3270 900 3309 se
940 3253 1070 3329 plus
1112 3271 1283 3329 quam
1340 3250 1506 3309 effari
1550 3252 1769 3328 possit,
1840 3242 2105 3308 aestuare
2162 3251 2447 3313 desiderio

230 3335 489 3393 adeundi
519 3343 745 3393 sacrum
780 3348 1039 3409 coetum,
1099 3338 1426 3413 festumque
1466 3356 1592 3394 cum
1630 3337 1744 3409 piis
1779 3335 2007 3414 agendi.
2094 3338 2224 3404 Quo
2255 3346 2448 3395 tamen

217 3421 493 3492 indicet,
545 3431 822 3496 quantum
855 3420 1066 3496 fuerit,
1122 3421 1346 3479 confert
1387 3421 1531 3479 illud
1568 3439 1771 3477 cervae
1811 3421 2118 3499 glocitanti
2151 3440 2289 3497 prae
2323 3422 2449 3494 siti,

85 3509 90 3514 ’
135 3560 158 3591 .·
233 3521 370 3563 cum
406 3503 596 3561 inhiat
630 3506 703 3562 ad
740 3505 1150 3581 profluentem·
1196 3502 1412 3586 Dar-cb&
1441 3537 1513 3548 -
1546 3502 1712 3596 ξξκε
1760 3502 2066 3579 Tanquam
2105 3522 2283 3562 cerva
2322 3505 2453 3581 glo-

151 3660 152 3663 *
203 3589 439 3662 ..citam
495 3587 730 3648 inhians
764 3591 1139 3668 profluenti,
1198 3591 1289 3647 sic
1326 3586 1528 3647 anima
1568 3607 1697 3645 mea
1734 3588 1995 3665 glocitat
2036 3587 2276 3647 inhians
2317 3588 2454 3665 tibi,

151 3728 154 3731 ,
236 3671 428 3732 Deus.
470 3673 607 3733 Non
632 3675 823 3732 minus
851 3677 1018 3732 sitire
1047 3694 1108 3731 se
1132 3674 1322 3732 Deum
1349 3673 1514 3746 dicit,
1541 3686 1712 3749 quam
1743 3675 1929 3729 soleat
1958 3692 2148 3747 cerva,
2179 3672 2455 3731 infestata

237 3759 518 3832 canibus3
571 3772 696 3821 tum
740 3760 893 3816 enim
933 3760 1300 3836 cupidissime
1332 3758 1405 3817 ad
1438 3775 1616 3835 aquas
1648 3757 1917 3837 fugiunt,
1956 3768 2194 3834 propter
2228 3768 2452 3818 aestum

239 3851 416 3918 atque
452 3842 789 3903 anhelitum.
875 3843 1099 3903 Nomen
1142 3839 1263 3907 5¹&
1310 3844 1690 3929 conjungitur
1731 3841 1790 3898 h.
1820 3843 1859 3897 1.
1893 3860 2022 3899 cum
2049 3843 2224 3900 verbo
2257 3841 2454 3901 femin

236 3927 510 4013 ὅἾἾΒζΠ,
539 3929 677 4005 quia
712 3947 920 3985 nomen
953 3939 1044 3986 est
1076 3909 1320 4004 speciei,
1378 3928 1634 4003 adeoque
1673 3927 1903 4006 generis
1944 3927 2281 3983 communis.
2363 3923 2456 3982 Dc

223 3990 422 4075 (verbo
464 4021 613 4099 ,νῆ-ξ’,
670 4010 824 4087 quod
855 4022 1082 4088 praeter
1118 4013 1173 4069 h.
1200 4017 1237 4071 1.
1271 4010 1447 4068 semel
1485 4010 1882 4068 tantummodo
1915 4012 2201 4082 occurrit,
2250 4028 2455 4086 nempe

145 4140 152 4143 .
238 4080 776 4176 Ιοᾳ1.1,2ὖ,ιι1>ἰ
810 4097 879 4153 de
910 4099 1113 4155 bestiis
1146 4098 1297 4178 agri,
1333 4113 1435 4152 seu
1467 4094 1885 4172 sylvestribus,
1899 4093 2348 4151 vociferantibus
2382 4092 2455 4151 ob

236 4180 405 4237 rivos
437 4198 718 4256 aquarum
756 4184 1115 4254 exsiccatos,
1166 4184 1414 4252 dicitur,
1464 4181 1689 4258 egimus
1733 4180 1806 4236 ad
1845 4177 2170 4235 noeman
2203 4175 2456 4238 Hieroz.

242 4261 319 4319 Τ.
349 4262 416 4319 11.
453 4284 507 4340 p.
535 4266 678 4321 241.
712 4265 837 4322 not.
867 4268 960 4333 6.
1001 4265 1070 4322 de
1105 4278 1362 4327 veterum
1390 4265 1756 4323 versionibus
1784 4264 2108 4335 disputavit
2134 4261 2457 4320 Bochartus

238 4345 382 4405 ibid.
409 4366 467 4425 p.
494 4349 639 4408 239.
696 4347 788 4408 De
819 4363 985 4436 ῥῆξις
1014 4350 1200 4425 alveo,
1242 4364 1388 4422 tum,
1422 4356 1693 4406 torrente
1726 4349 1876 4423 ipso,
1918 4346 2036 4404 vid.
2068 4347 2143 4405 ad
2176 4349 2274 4419 18,
2306 4349 2400 4404 16.

672 4447 675 4450 ,
1195 4446 1205 4470 ἱ
1844 4460 1853 4465 ,
