2807 4913
414 291 573 363 602
1176 253 1878 371 Ps.118‚6—i2.

316 521 319 526 ·
415 488 477 537 et
513 477 745 554 spatio,
776 474 897 535 ubi
929 476 1049 548 jam
1085 468 1268 529 libere
1310 433 1632 567 respirare,
1684 478 1774 527 et
1767 470 1857 528 in
1897 463 2089 547 quiete
2125 468 2337 551 degere
2373 492 2636 551 possum.

414 563 504 621 Cf.
535 572 666 620 not.
696 563 773 620 ad
801 560 892 617 Ps.
919 563 982 631 4,
1010 561 1071 618 2.
1151 554 1469 614 Exaudire
1501 555 1561 609 in
1602 554 1946 626 latitudine,
1987 556 2140 616 nihil
2168 567 2259 614 est
2284 577 2456 636 quam
2487 561 2637 619 odu-

416 665 554 705 ccre
601 647 667 702 in
708 643 1121 713 latitudinem,
1172 640 1294 699 vid.
1323 637 1400 695 ad
1433 639 1541 709 22,
1565 641 1699 712 22„
1741 649 1812 697 et
1840 639 1913 697 cf.
1943 637 2086 699 Coh.
2110 639 2322 717 5,19.,
2368 646 2636 705 exaudit

419 751 573 804 eum,
616 739 678 786 ct
714 729 984 804 largitur
1023 728 1080 784 ei
1119 723 1420 782 laetitiam
1459 723 1682 781 cordis.

590 831 648 886 6.
729 827 1061 886 Denunciat
1097 826 1409 899 Princeps,
1466 841 1527 880 se
1571 825 1837 904 deinceps
1876 827 2095 883 nullius
2135 825 2388 886 hominis
2433 832 2629 890 minas

418 925 524 973 aut
555 915 712 972 vires
743 912 1249 969 reformidaturum
1268 952 1287 981 ,
1343 909 1499 986 quod
1531 919 1798 985 expertus
1833 913 1913 967 sit
1943 909 2133 968 Deum
2169 911 2379 971 habere
2421 918 2629 991 propi-

418 1004 586 1057 tium.
655 993 720 1058 ’Β
770 999 932 1087 ³¹:227*
963 993 1121 1053 Jova
1148 993 1315 1067 milii,
1355 1013 1463 1071 pro
1491 1012 1604 1092 me,
1638 1012 1674 1050 a
1700 996 1958 1069 partibus
1984 998 2125 1053 meis
2152 1005 2260 1067 est,
2298 1001 2368 1057 'ut
2402 998 2505 1073 56,
2526 1001 2629 1057 10.

418 1063 880 1142 Alexandriani:
916 1059 1138 1160 ικύριος
1176 1079 1305 1154 ἐμοὶ
1345 1071 1627 1159 βοηθὸς,
1693 1083 1751 1134 et
1778 1077 2098 1157 Vulgatus.
2145 1078 2439 1141 Dominus
2480 1083 2630 1142 mihi

332 1197 333 1200 =
417 1167 690 1241 adflator
772 1171 898 1228 naa
939 1161 1009 1229 ι’»
1050 1170 1411 1256 πωιζξ-ιτζι
1448 1163 1577 1221 Vid.
1610 1162 1713 1235 66,
1742 1161 1798 1221 6.
1827 1167 1922 1222 12.

588 1270 648 1326 7.
734 1270 920 1359 ᾞτὶνξ
969 1261 1033 1347 ’ξ
1074 1268 1234 1325 ἻἿΓΠ
1265 1264 1420 1323 Jova
1463 1272 1557 1322 est
1597 1264 1661 1320 in
1701 1263 2087 1337 adjutoribus
2126 1264 2293 1341 meis,
2335 1269 2492 1351 quod
2522 1271 2627 1328 alii

417 1355 505 1412 sic
532 1332 857 1430 explicant:
903 1332 1155 1423 adjuvat
1166 1334 1291 1407 m⁸ea
1324 1367 1498 1406 causa
1524 1350 1699 1405 etiam
1728 1350 2017 1424 adjutores
2046 1371 2201 1409 meos
2219 1390 2238 1424 ,
2288 1371 2417 1410 cum
2453 1355 2626 1428 adju-

316 1451 321 1466 '
420 1439 646 1504 toribus
677 1438 821 1494 meis
849 1445 973 1509 est,
1029 1447 1097 1493 ut
1136 1446 1175 1495 τι
1217 1454 1323 1511 pro
1365 1442 1444 1514 1:32
1484 1434 1702 1490 dictum
1739 1442 1919 1507 esset3
1973 1435 2108 1493 alii:
2152 1434 2299 1494 Jova
2332 1446 2421 1496 est
2459 1437 2627 1500 inter

415 1524 935 1679 adjutogezinepg.
1013 1520 1131 1579 Sed
1171 1519 1244 1578 cf.
1284 1518 1378 1577 Ps.
1407 1501 1510 1594 54,
1546 1520 1602 1574 6.
1642 1527 1703 1575 ει
1740 1518 1823 1575 ibi
1863 1527 1991 1576 not.
2077 1526 2277 1582 'mmm
2319 1530 2509 1611 rufa&
2552 1521 2626 1579 cf.

338 1639 345 1660 ι
413 1619 518 1665 not
575 1625 611 1663 a
2459 1640 2490 1653 ⁴

382 1777 387 1784 .
588 1711 648 1767 9.
736 1707 950 1766 Tutius
987 1714 1108 1779 est,
1146 1698 1181 1761 J
1186 1723 1295 1764 ova
1325 1706 1463 1790 niti,
1506 1724 1675 1784 quam
1704 1705 1958 1763 ullorum
1990 1706 2193 1786 opibus
2226 1715 2329 1765 aut
2359 1709 2626 1786 potentia

415 1793 793 1853 eminentium
847 1789 1178 1864 hominum,
1246 1789 1311 1848 hi
1370 1793 1524 1847 enim
1570 1790 1838 1847 videntur
1885 1787 2030 1846 h.1.
2084 1793 2362 1867 appellari
2411 1801 2625 1884 0³2)ss

286 1895 297 1902 '
404 1878 746 1956 principes.
829 1872 1203 1933 Manifestum
1247 1885 1438 1933 autem
1483 1875 1599 1932 dici
1638 1873 1779 1932 haec
1823 1884 2029 1934 contra
2064 1876 2254 1933 aliena
2300 1875 2524 1936 auxilia
2565 1889 2629 1932 et

411 1958 801 2120 ἕυμμάέουὲ,
861 1959 1069 2040 quibus
1111 1962 1338 2020 munire
1383 1978 1446 2017 se
1488 1960 1675 2016 solent
1716 1959 1839 2015 suis
1878 1948 2104 2018 virilius
2148 1978 2270 2020 non
2312 1959 2467 2020 freti.
2533 1959 2626 2018 cf.

461 2066 488 2104 s
544 2050 620 2104 14

510 2191 515 2197 .
586 2149 688 2207 10.
759 2146 952 2222 Νιιιιε,
986 2156 1057 2206 ut
1085 2148 1374 2206 illustrior
1407 2153 1680 2222 appareat
1705 2131 1998 2217 liberatio,
2039 2144 2109 2202 de
2136 2164 2251 2222 qua
2276 2147 2426 2225 agit,
2463 2145 2623 2221 peri-

416 2232 584 2306 cula,
643 2235 711 2294 in
750 2234 958 2310 quibus
995 2231 1274 2292 hactenus
1316 2239 1584 2291 versatus
1621 2228 1834 2301 fuerit,
1883 2239 2198 2302 memorat,
2256 2248 2435 2307 eaque
2474 2232 2621 2288 talia

413 2320 598 2384 fuisse
626 2319 745 2390 ait,
789 2336 864 2376 ex
891 2318 1132 2392 quibus,
1170 2319 1288 2373 nisi
1314 2333 1423 2388 ope
1449 2316 1681 2387 divina,
1724 2332 1846 2374 non
1873 2311 2053 2370 fuerit
2079 2315 2382 2373 eluctatus.
2470 2310 2620 2401 -ξῧ

417 2406 550 2464 ιιι-ιιι
583 2399 799 2460 Omnes
836 2410 1044 2479 gentes
1085 2420 1260 2476 quum
1295 2403 1411 2472 ait,
1452 2417 1662 2482 omnes
1687 2398 1971 2475 intellige,
2014 2397 2222 2476 quibus
2251 2393 2462 2461 Judaei
2489 2400 2621 2471 cin-

374 2480 379 2493 *
415 2489 706 2565 gebantur
736 2498 935 2573 2³:10,
990 2496 1056 2543 ut
1087 2484 1269 2545 Zach.
1301 2487 1398 2557 12,
1428 2485 1486 2545 2.
1530 2493 1589 2551 et
1625 2484 1773 2540 alias
1811 2501 1977 2557 saepe
2014 2483 2264 2547 additur.
2346 2485 2519 2554 Quod
2553 2485 2619 2541 in

414 2588 679 2646 tempora
710 2554 1071 2628 Maccabaica
1099 2572 1268 2627 unice
1297 2568 1560 2645 quadrat.
1631 2567 1827 2644 Syro-
1799 2565 2182 2633 -Macedones
2215 2570 2483 2644 primum,
2516 2570 2619 2647 qui

416 2673 618 2713 omnes
668 2657 800 2713 illas
856 2665 1067 2733 gentes
1102 2655 1216 2713 sibi
1255 2655 1537 2726 subjectas
1584 2650 1902 2724 habebant,
1978 2651 2114 2711 dein
2151 2656 2361 2729 reliqui
2408 2653 2619 2729 populi

391 2741 602 2797 ·viciui
635 2740 698 2795 in
732 2741 1044 2811 perniciem
1067 2737 1414 2796 Judaeorum
1445 2739 1889 2813 conspirarunt,
1941 2744 2011 2792 ut
2043 2739 2072 2792 1
2097 2733 2273 2794 Mace.
2303 2736 2362 2809 5,
2396 2741 2449 2805 1.
2492 2749 2616 2795 tra-

419 2821 599 2881 ditur.
636 2836 639 2837 ’
680 2822 982 2882 Irruerunt
1020 2841 1140 2880 nou
1174 2840 1292 2879 una
1322 2825 1449 2880 vice
1481 2830 1540 2878 et
1568 2818 1968 2896 expeditione,
2022 2820 2124 2878 sed
2152 2822 2449 2896 pluribus,
2504 2839 2616 2891 nec

412 2924 599 2982 parva
629 2923 839 2978 manu,
891 2909 991 2964 sed
1015 2908 1243 2984 magnis
1273 2908 1480 2981 copiis
1490 2916 1662 2982 atque
1691 2907 1858 2962 iratis
1890 2916 1948 2962 et
1983 2907 2337 2965 exacerbatis
2371 2909 2616 2980 animm

413 3010 531 3068 quo
571 2992 928 3063 comparatio
961 3011 1089 3048 cum
1112 2990 1330 3067 apibus
1365 2990 1465 3048 Vs.
1490 2991 1584 3047 12.
1622 2987 1828 3047 tendit.
1910 2985 2120 3077 hb'zq&
2162 3002 2233 3050 ³:
2276 2993 2433 3077 ἤϊή
2478 2989 2616 3052 2:15³

414 3075 531 3135 Sed
562 3075 626 3132 in
656 3075 882 3131 nomine
906 3073 1091 3135 Jovac
1119 3077 1362 3150 speravi,
1406 3074 1653 3135 confisus
1679 3092 1827 3147 sum,
1870 3056 2029 3152 quod
2052 3054 2463 3139 exscindet-em
2494 3091 2620 3147 eos,

414 3159 870 3223 subaudiendum
926 3168 1013 3216 est
1069 3169 1202 3217 ante
1254 3171 1326 3218 ’.τι
1377 3160 1616 3217 verbum
1668 3169 1925 3246 munz,
1985 3177 2060 3216 ex
2104 3158 2397 3217 infinitivo
2434 3163 2531 3222 nb

412 3242 634 3315 Versu,
696 3245 795 3318 qui
840 3245 1102 3317 proxime
1149 3241 1452 3301 antecedit.
1536 3242 1625 3300 lta
1664 3227 2011 3303 Chaldaeus:
2067 3243 2132 3300 in
2172 3243 2402 3299 nomino
2441 3263 2547 3302 ver
2591 3244 2622 3300 i

412 3325 659 3385 Domini
694 3328 969 3403 speravi,
1027 3328 1183 3406 quod
1219 3327 1621 3385 exscindercm
1661 3345 1777 3385 eos.
1842 3326 1927 3385 Cf.
1962 3329 2064 3399 33,
2090 3329 2189 3384 21.
2276 3326 2465 3401 Sunt,
2510 3330 2619 3406 qui

412 3413 756 3487 particulam
789 3422 859 3471 ³2
888 3418 1063 3493 metri
1086 3430 1264 3477 causa
1293 3414 1701 3487 transpositam
1732 3422 1956 3487 putent,
1997 3411 2241 3479 dictioni
2276 3411 2409 3502 mgis
2442 3432 2618 3486 prae-

413 3496 759 3568 ponendam,
789 3498 910 3553 sed
939 3495 1452 3574 interpretandam,
1493 3506 1560 3557 ut
1592 3498 1736 3560 alias
1766 3513 1965 3572 saepe3
2006 3497 2091 3551 ita
2120 3496 2380 3571 futurum
2394 3478 2622 3583 οξτκιιχι,

414 3597 524 3654 pro
564 3578 887 3639 Praeterito
931 3586 1188 3659 positum
1228 3583 1358 3638 erit.
1444 3580 1725 3639 Suffixum
1769 3583 1888 3657 ejus
1927 3580 2088 3638 verbi
2128 3578 2185 3636 h.
2217 3581 2259 3638 1.
2304 3598 2409 3655 pro
2452 3581 2619 3642 Zoro

411 3660 586 3720 habet
620 3662 864 3738 Gamez,
919 3679 986 3725 ut
1026 3667 1136 3724 Ex.
1165 3668 1266 3737 29,
1296 3667 1399 3724 30.
1443 3661 1665 3752 03:⁷2³.
1747 3664 1813 3723 ln
1848 3651 2186 3740 quibusdam
2218 3663 2387 3727 codd.
2417 3677 2620 3727 exstat

404 3743 652 3836 Ὡέᾙρκ,
705 3769 833 3806 cum
865 3748 1130 3825 Pataclz,
1192 3753 1287 3808 cui
1324 3732 1635 3851 geminum·
1660 3760 1747 3806 est
1786 3747 2381 3828 Hab.2,17.312··n7
2416 3758 2621 3808 terre-

393 3814 620 3902 faciet
649 3851 770 3906 eos,
813 3854 918 3934 pro
952 3794 1154 3928 mm}-
1238 3832 1387 3907 Dm,
1430 3833 1583 3910 quod
1617 3836 1681 3890 in
1713 3832 1826 3890 Kal
1857 3851 2024 3907 saepe
2049 3832 2122 3889 de
2161 3829 2620 3894 circumcisione

410 3934 459 3971 s.
504 3919 832 3996 praeputii
883 3915 1287 3996 amputatione
1345 3921 1463 3975 dici
1505 3928 1766 3991 constat,
1825 3916 1881 3973 h.
1926 3919 1967 3973 1.
2015 3920 2080 3975 in
2120 3915 2323 3991 Hiphil
2363 3919 2619 3996 penitus

408 4002 719 4060 succidere
754 4003 1024 4076 denotat,
1075 4008 1228 4063 sicut
1266 4003 1485 4061 succidi
1522 4005 1672 4063 solet
1710 4020 1954 4082 gramen
1988 4001 2102 4063 vel·
2098 4000 2331 4074 herba,
2390 4000 2459 4067 de
2497 4022 2619 4079 qua

409 4097 749 4161 usurpatum
786 4088 1009 4167 legitur
1048 4091 1113 4145 in
1151 4086 1335 4165 Pyhal
1376 4087 1472 4146 Pa.
1505 4088 1608 4158 90,
1638 4089 1695 4143 6.

494 4244 497 4247 .
582 4186 682 4242 12.
766 4189 1005 4248 mah-¹2
1057 4198 1222 4249 ⁹:³20
1268 4182 1799 4246 Circumdederunt
1838 4204 1930 4246 me
1970 4186 2132 4244 velut
2174 4203 2355 4266 apes,
2395 4205 2620 4268 magne

407 4246 633 4326 seilicet
663 4271 890 4343 ardore,
921 4267 990 4328 a'c
989 4255 1336 4332 venementi
1359 4274 1598 4348 impetu,
1625 4282 1687 4329 et
1711 4291 1936 4331 summa
1960 4271 2253 4330 vindictae
2281 4275 2623 4350 cupiditate.

408 4350 636 4445 Similis
678 4362 768 4412 est
808 4359 1161 4432 comparatio
1205 4354 1381 4416 Deut.
1413 4360 1474 4430 1,
1499 4357 1605 4417 44.
1650 4366 1712 4416 et
1752 4356 1870 4419 Jes.
1887 4360 1959 4433 7,
1990 4358 2089 4415 18.
2170 4356 2253 4416 Et
2294 4358 2365 4416 ef.
2404 4356 2622 4440 virgil.
