2807 4913
152 2512 161 2529 ,
186 2495 192 2501 ·
288 2545 294 2551 ³
368 2459 611 2540 legitur.

327 239 518 351 '488
759 225 762 228 ⁷
1178 283 1300 349 Ρ..
1345 278 1466 366 83,
1527 301 1673 344 2—-·
1703 301 1775 373 7.

259 495 266 502 «
364 473 537 523 catur
573 463 818 526 similem
858 462 1084 523 exitum
1124 471 1186 528 et
1222 457 1460 522 eandem
1495 461 1787 522 fortunam
1824 459 1947 537 ejus
1978 460 2591 535 tempori-hostibus,

289 594 294 599 -
365 568 537 628 quam
568 550 791 624 experti
816 550 936 605 sint
966 559 1188 607 veteres
1217 550 1304 607 illi
1333 550 1592 627 antiquis
1623 540 1994 625 temporffius.
2037 577 2124 591 —-·
2167 541 2417 628 Tempus
2452 565 2596 603 car-

366 636 542 693 minis
585 634 889 708 compositi
925 635 1211 708 incertum
1250 644 1376 690 est..
1444 631 1928 691 Commemoratio
1964 632 2351 727 Assyriorum
2391 630 2492 690 Vs.
2523 632 2594 687 9.

352 720 553 778 ,movit
583 716 948 777 Chaldaeum
991 718 1401 795 interpretem,
1478 727 1548 776 ut
1597 719 1672 776 ad
1717 716 2025 777 Sanheribi
2076 705 2300 789 te'mpus
2347 734 2595 776 carmen

366 801 627 864 referret.

538 906 597 961 2.
681 896 1129 1004 ἕῐέι·“73ξι··ἒ·Ν
1176 907 1245 963 β’
1251 897 1392 982 ’ἡκ
1431 898 1622 973 Deus,
1663 917 1736 959 ue
1781 900 2083 959 silentium
2120 900 2232 959 tibi
2271 903 2376 974 eit,
2418 904 2596 979 quasi

368 988 705 1045 conniventi
737 968 812 1044 ad
841 999 1070 1044 nostras
1098 970 1457 1046 vexationes.
1526 986 1979 1059 Alexandriana,
2025 1004 2265 1074 eumque
2305 998 2591 1064 sequutus

368 1070 691 1171 vulgatus.
737 1066 769 1130 ὅ
819 1066 974 1143 Θεὸς
1017 1076 1105 1145 τίς
1146 1064 1594 1149 ὅμοιωθήσεταί
1635 1093 1807 1149 σοις
1840 1072 1975 1148 quie
2013 1079 2143 1143 est,
2198 1072 2331 1149 quis
2374 1071 2598 1131 similis

368 1157 456 1216 ait
504 1155 655 1213 tibi?
723 1155 962 1215 Nomen
1000 1168 1116 1220 *727
1157 1160 1248 1217 illi
1284 1156 1353 1213 de
1383 1156 1766 1215 similitudine
1811 1165 1871 1213 e't
1906 1152 1988 1218 bot
2022 1175 2128 1232 pro
2166 1159 2438 1234 negativo
2481 1174 2588 1213 ac·-

372 1242 590 1317 eepisse
630 1239 945 1314 videntur,
1011 1227 1183 1319 atq'ue
1226 1261 1301 1299 ex
1341 1243 1617 1321 negativa
1659 1241 2060 1318 propositione
2105 1242 2592 1320 interrogativum

371 1323 597 1384 fecisse.
687 1326 765 1383 At
792 1337 948 1383 recte
974 1323 1326 1388 Chaldaeus.
1368 1345 1442 1384 ne
1471 1327 1677 1398 sileae,
1722 1329 1823 1403 qui
1852 1327 1972 1399 ipse
2002 1335 2061 1383 et
2090 1345 2195 1400 pro
2230 1326 2490 1408 ιζῆῆττη·
2505 1321 2597 1390 b&

361 1415 446 1466 'ne
488 1409 707 1468 surdus
747 1411 836 1469 sie
876 1411 949 1468 ad
982 1429 1181 1508 preces
1223 1423 1453 1470 nostras
1495 1411 1595 1486 (cf.
1639 1414 1743 1483 28,
1776 1412 1827 1467 1.
1872 1410 1976 1482 25,
2000 1411 2103 1468 22.
2150 1409 2252 1482 50,
2283 1391 2432 1483 215)
2464 1428 2595 1468 non

370 1496 521 1551 male
579 1513 650 1566 ne
699 1495 787 1556 eis
844 1495 1126 1556 remissus
1182 1493 1395 1573 posuit.
1483 1498 1743 1591 rapuit}-
1762 1492 1874 1588 hm
1929 1493 2132 1573 Neque
2186 1495 2422 1572 quietus
2475 1495 2593 1568 eie,

374 1580 684 1659 quominus
727 1580 895 1638 nobis
937 1597 1263 1640 succurras.

541 1684 602 1739 4.
670 1679 1021 1739 Chaldaeus.
1070 1680 1298 1739 Contra
1327 1682 1616 1762 populum
1651 1688 1814 1739 tuum
1841 1678 2261 1738 machinantur
2294 1690 2592 1739 secretum

372 1767 716 1839 consilium,
765 1773 1018 1823 secretas
1046 1765 1309 1841 fraudes,
1353 1776 1416 1824 et
1454 1766 1795 1825 consultant
1838 1767 2121 1824 adversus
2163 1784 2294 1838 eoa,
2339 1758 2446 1843 ‘qui
2488 1784 2591 1823 re-

372 1850 605 1907 conditi
644 1858 787 1907 sunt
831 1850 896 1905 in
937 1847 1239 1909 thesauris
1285 1843 1446 1925 tuis,
1514 1851 1723 1927 quibus
1770 1851 2094 1929 significari
2147 1861 2384 1927 apparet
2434 1853 2590 1925 illos,

284 1937 288 1940 ’
372 1952 517 2011 quos
556 1935 924 2010 peculiariter
953 1934 1193 1992 dilectos
1229 1947 1400 2015 atque
1419 1937 1536 1993 sub
1565 1953 1671 1994 sua
1702 1938 2061 2011 protectione
2093 1943 2253 1992 tutos
2283 1954 2406 1992 esse
2438 1933 2592 1996 Jova

265 2023 276 2029 “
370 2019 591 2089 voluit,
656 2018 807 2077 unde
850 2016 1275 2090 Alexandrinus
1316 2039 1421 2098 pro
1467 2028 1751 2113 3³:³22}-
1769 2016 1845 2082 ’337
1891 2017 2049 2081 κατὰ
2089 2019 2208 2081 τῶν
2248 2015 2433 2096 ἁγίων
2475 2043 2593 2082 σου

369 2099 563 2159 habet.
619 2100 705 2159 cf.
734 2101 823 2159 Ps.
848 2104 947 2175 17,
965 2105 1039 2160 8.
1068 2102 1171 2175 27,
1198 2102 1255 2161 5.
1298 2108 1402 2177 31,
1402 2105 1521 2162 -.21
1566 2104 1668 2162 Ez.
1676 2101 1749 2177 7,
1767 2087 1870 2161 22.
1938 2103 2153 2164 Forma
2183 2107 2288 2163 illa
2315 2108 2593 2183 loquendi

349 2185 636 2245 'desumta
663 2187 897 2246 videtur
929 2207 1002 2246 ex
1039 2188 1170 2261 jure
1196 2188 1439 2267 hospitii
1470 2189 1813 2278 orientali..
2016 2200 2025 2230 ⁸

544 2285 602 2346 5.
689 2288 821 2349 ’71373
850 2318 940 2331 --
968 2297 1142 2374 ΊἿ73κ
1177 2285 1531 2346 Dixerunt:
1591 2290 1783 2366 agite,
1817 2288 2146 2389 perdamus
2187 2307 2327 2376 eos,
2347 2306 2421 2347 ne
2461 2289 2593 2348 sint

366 2390 511 2451 gene
549 2373 818 2454 amplius,
858 2372 978 2435 vid.
995 2353 1111 2448 74,
1109 2350 1191 2432 ''.8
1251 2373 1472 2433 Eodem
1500 2392 1675 2432 sensu
1709 2368 1830 2435 Jer.
1853 2377 1960 2449 48,
1982 2377 2041 2433 2.
2081 2376 2217 2439 ’1.’473
2263 2385 2424 2467 Ἳξτι
2430 2385 2584 2437 '2:³7
2700 2421 2707 2426 .

541 2561 601 2617 6.
670 2554 752 2641 ἒξ
790 2562 962 2623 ηδτνῆθ
998 2557 1266 2628 Consilia
1302 2561 1471 2620 inter
1507 2580 1572 2620 ee
1610 2562 1817 2620 ineunt
1836 2561 2054 2634 corde,
2094 2561 2135 2621 i.
2162 2581 2215 2620 e.
2250 2581 2371 2620 ιιοιι
2401 2563 2590 2623 obiter

305 2712 306 2721 ἵ
370 2652 475 2702 aut
512 2627 935 2720 perfunctorie,
989 2646 1086 2704 sed
1120 2665 1343 2717 summo
1373 2648 1606 2722 studio,
1647 2665 1727 2704 ex
1773 2654 1899 2703 toto
1940 2629 2155 2719 corde,
2188 2656 2277 2705 ut
2306 2646 2588 2706 Chalaeus

369 2726 639 2804 reddidit.
725 2724 883 2817 ηἱξξ
919 2730 1001 2788 Et
1037 2740 1256 2788 contra
1297 2740 1358 2788 te
1392 2731 1608 2810 ipsum,
1659 2730 1934 2806 tanquam
1965 2729 2161 2788 hostes
2192 2733 2282 2788 tui
2317 2726 2449 2808 (Vs,
2477 2731 2590 2811 3l)‚

368 2814 533 2885 eujus
580 2815 797 2871 cultum
852 2823 913 2872 et
953 2815 1361 2891 rempublicam
1411 2819 1785 2896 exstinguere
1840 2815 2069 2872 volunt.
2169 2814 2369 2911 ³17²!ss
2426 2828 2590 2897 nanu

368 2892 610 2953 Foedus
641 2907 960 2977 pangunt,
1012 2896 1131 2957 vid.
1164 2897 1233 2956 de
1261 2902 1506 2974 solemni
1533 2903 1654 2959 ritu
1682 2901 1746 2958 in
1773 2899 2082 2979 pangendo
2114 2880 2378 2975 foede're,
2436 2886 2590 2960 ιιιιᾶἑ

367 2978 597 3062 phrasis
631 2981 892 3051 disumta
933 2993 1057 3042 not.
1097 2983 1172 3041 ad
1217 2984 1361 3043 Gen.
1391 2970 1494 3058 15,
1524 2987 1627 3044 10.
2494 3007 2503 3013 ·

544 3085 603 3142 7.
662 3078 827 3175 ’ξ’-τις
857 3080 1166 3185 Tentoria,
1206 3085 1267 3144 h.
1294 3105 1346 3145 e.
1377 3086 1783 3164 metonymice,
1825 3094 1894 3141 ut
1921 3083 2099 3142 Zach.
2121 3088 2219 3159 12,
2238 3089 2318 3158 7.,
2358 3085 2587 3145 incolae

219 3178 252 3226 .‘
372 3153 800 3243 tentoriorum,
858 3171 979 3228 sive
1013 3171 1271 3229 Idumaei
1310 3181 1369 3229 et
1396 3171 1728 3243 Israelitae,
1779 3170 1842 3226 in
1877 3172 2161 3227 tentoriis·
2179 3174 2274 3229 vel
2304 3171 2449 3229 belli
2490 3171 2590 3250 (ut

367 3249 498 3310 lud.
519 3254 579 3325 6,
597 3252 655 3312 5.
701 3254 760 3326 7,
784 3254 878 3311 13.
920 3255 1114 3335 2Reg.
1135 3258 1198 3329 7,
1220 3256 1321 3332 7.),
1360 3256 1456 3313 vel
1486 3257 1648 3333 pacis
1679 3264 1933 3332 tempore
1965 3256 2254 3334 degentes.
2326 3255 2450 3314 lmo
2477 3276 2586 3333 pro

367 3332 731 3394 habitaculis
770 3339 1084 3398 ordinariis
1124 3347 1210 3398 et
1221 3340 1456 3397 aedibus
1493 3342 1702 3412 etiam,
1755 3356 1830 3396 ex
1860 3349 2091 3396 vetusto
2121 3360 2268 3413 usu,
2325 3340 2590 3398 tentoria

368 3436 536 3496 saepe
573 3421 960 3496 adhibentur,
1012 3424 1200 3483 veluti
1235 3422 1544 3496 Jud.7‚8.
1606 3424 2329 3502 1Reg.12‚16.1²s.78‚
2358 3423 2460 3483 55.
2499 3455 2591 3471 —-

303 3522 310 3530 ·
369 3499 730 3586 β’ξᾰξπιζᾶξῖ
760 3505 845 3563 Et
874 3503 1338 3580 Iamaelitarum,
1379 3508 1524 3567 Gen.
1545 3511 1649 3583 37,
1668 3508 1770 3566 25.
1809 3464 1945 3566 Jud.
1970 3508 2047 3577 8,
2050 3509 2175 3581 24
2216 3512 2286 3568 ab
2318 3503 2591 3584 Ismaele,

369 3571 727 3647 ΑδτιιΙῖιῖιιῖἰ
735 3610 808 3649 ex
848 3591 989 3673 Hag
990 3613 1089 3651 are
1131 3594 1260 3650 filio
1306 3593 1749 3666 descendentes,
1806 3589 1924 3651 vid.
1972 3591 2115 3649 Gen.
2151 3593 2585 3666 16,10-12.

368 3671 803 3745 25,12--18.
890 3675 1215 3735 Chaldaeus
1254 3676 1515 3734 Arabum
1555 3676 1846 3749 reddidit,
1903 3677 2021 3752 qui
2047 3688 2106 3735 et
2147 3680 2262 3754 ipsi
2300 3681 2587 3756 originem

370 3773 534 3813 suam
564 3759 637 3816 ad
665 3759 965 3818 ismaelem
992 3760 1271 3819 referunt
1328 3768 1446 3835 „n
1449 3771 1580 3842 '¹7:2¹1
1609 3761 1816 3838 populi
1843 3780 2054 3831 nomen
2082 3755 2172 3821 est
2201 3764 2272 3821 ad
2306 3765 2589 3822 orientem

370 3832 768 3918 Gileaditidis,
798 3864 930 3903 cum
959 3862 1075 3921 quo
1107 3842 1294 3902 tribus
1323 3831 1859 3920 transjordanenses
1891 3845 2059 3905 Sauli
2088 3854 2361 3924 tempore
2375 3849 2591 3907 bellum

370 3939 707 4004 gesserunt,
767 3930 840 3986 ob
890 3947 1132 4004 pascua,
1190 3939 1261 3987 ut
1302 3930 1569 4004 videtur,
1633 3931 1842 4007 quibus
1891 3929 1965 3987 ad
2010 3929 2363 4006 Euphratem
2407 3912 2609 4010 nsque‘

370 4010 544 4083 potiti
579 4022 737 4084 sunt,
783 4013 813 4068 l
836 4010 976 4069 Chr·
1005 4017 1066 4086 5,
1102 4014 1318 4073 10.19.
1344 4015 1447 4072 20.
1532 4014 1649 4072 Vix
1682 4014 1946 4087 dubium,
1983 4017 2128 4089 quin
2157 4014 2309 4074 idem
2339 4018 2441 4089 sit,
2485 4015 2590 4093 qui

373 4092 622 4154 Arabico
665 4096 900 4153 nomine
938 4098 1139 4156 iisdem
1176 4100 1363 4156 literis
1401 4109 1533 4161 *52³7
1570 4100 1883 4173 scribitur,
1936 4096 2013 4156 ad
2042 4101 2236 4158 sinum
2267 4101 2588 4171 Persicum,

371 4173 474 4234 ubi
517 4179 581 4236 in
622 4178 682 4235 d’
695 4177 1064 4240 Anvilliana
1057 4182 1251 4240 Asiae
1290 4183 1675 4242 delineatione
1715 4183 1997 4261 gradum
2004 4185 2159 4242 inter
2196 4186 2591 4266 longitudinis

370 4260 451 4321 65
487 4271 546 4319 et
579 4262 660 4317 69
695 4264 952 4324 invenies
978 4264 1209 4344 Heger,
1250 4285 1325 4325 ou
1360 4264 1702 4327 Baharain.
1783 4267 2002 4345 Nempe
2035 4279 2096 4325 et
2125 4279 2253 4328 tota
2279 4271 2445 4349 regio
2477 4269 2595 4327 Ba-

373 4339 583 4407 harein
609 4347 728 4407 alio
755 4351 989 4410 nomine
1019 4350 1194 4428 Hegu
1229 4352 1471 4427 dicitur,
1501 4354 1812 4433 eodemque
1838 4362 1898 4413 et
1927 4353 2187 4415 nomine
2193 4354 2394 4431 urbem
2421 4353 2596 4415 hahet

319 4614 370 4659 ³2„
