2807 4913
950 330 1075 396 Ρ..
1133 346 1296 410 121,
1350 323 1600 390 3-6,
1691 414 1694 419 .
2239 325 2395 400 625
2457 278 2475 293 ’

96 528 99 533 ·
164 511 350 601 (maj-3·
388 521 543 597 3337?-
591 523 789 598 ηερ-ῃ
825 506 942 603 &52
986 510 1199 589 ignoro
1244 508 1396 566 unde
1442 501 1742 587 venerint)
1788 516 2016 584 pateat,
2062 529 2233 589 posse
2266 533 2396 576 eam

165 601 409 656 relative
442 599 644 674 accipi.
697 593 889 655 ‘Tunc
929 613 964 652 a
1001 594 1297 652 montibus
1325 592 1693 652 Palaestinae
1724 594 2010 653 auxilium
2041 597 2156 654 sibi
2185 611 2397 659 ventu-

163 702 296 741 rum
327 679 483 740 dicet
512 693 710 753 vates,
753 682 909 758 quod
938 681 1094 737 inter
1124 681 1259 738 illos
1289 686 1382 735 est
1413 679 1603 750 Zion,
1646 679 1714 734 in
1748 694 1861 754 quo
1893 676 2072 756 lova,
2115 691 2391 763 tanquam

160 784 290 840 rex,
329 765 520 824 sedem
548 785 712 826 suam
740 763 945 839 babet,¹
982 770 1045 821 et
1077 764 1229 822 unde
1256 764 1545 821 auxilium
1577 763 1701 819 suis
1728 762 1933 820 mittit.

330 877 392 933 3.
480 877 641 945 Quae
669 885 1022 952 sequuntur,
1057 870 1425 929 sacerdotum
1455 869 1660 929 forsan
1687 868 1899 930 chorus
1927 874 2218 948 recitavit,
2262 879 2386 937 vid.

159 960 406 1040 Argum.
462 959 664 1036 Neque
693 971 887 1018 tamen
914 956 1386 1034 repugnabimus,
1427 956 1479 1011 si
1508 956 1681 1012 unius
1708 951 1851 1013 haec
1883 974 2009 1016 esse
2041 966 2103 1015 et
2131 954 2386 1033 ejusdem

159 1046 492 1103 recitatoris
523 1047 720 1103 omnia
750 1046 916 1101 malit
954 1041 1190 1117 aliquis,
1232 1035 1373 1100 κατ’
1411 1035 1751 1119 ἐναλλαγὴν
1789 1058 2101 1116 personae,
2148 1055 2215 1102 ut
2243 1065 2387 1123 per-

160 1129 299 1187 inde
328 1128 438 1186 boc
469 1131 581 1201 sit,
606 1182 609 1189 ,
632 1147 701 1186 ac
741 1131 794 1185 si
833 1130 958 1200 ipse
996 1126 1278 1182 recitator
1312 1140 1374 1179 se
1403 1123 1802 1198 confirmaret,
1860 1132 2033 1202 atque
2067 1126 2209 1187 haec
2247 1134 2416 1207 per-'

159 1220 337 1270 sonae
367 1217 614 1271 mutatio
644 1222 909 1288 suscepta
939 1212 1052 1282 sit,
1095 1218 1162 1265 ut
1193 1208 1299 1267 fiat
1326 1206 1470 1266 bene
1496 1210 1784 1284 precantis
1809 1209 2193 1285 confirmatio,
2234 1233 2380 1291 quae

118 1333 123 1341 ·
157 1308 511 1377 suggeratur
539 1297 610 1353 ab
639 1298 848 1369 altero,
879 1292 1033 1372 quod
1064 1302 1153 1350 est
1180 1286 1688 1372 ἐμφατικιότερον.
1745 1290 2016 1375 3132·le
2037 1293 2163 1355 Nec
2191 1298 2382 1376 dabit,

158 1384 200 1439 i.
233 1403 279 1439 e.
314 1384 500 1453 sinet,
537 1382 865 1456 permittet,
920 1388 988 1436 ut
1029 1380 1128 1455 16,
1157 1379 1255 1435 10.
1301 1377 1406 1450 55,
1436 1379 1537 1435 23.
1583 1379 1726 1450 118,
1758 1379 1886 1453 18.;
1950 1374 2035 1459 big
2071 1400 2212 1440 vero
2251 1383 2308 1441 h.
2339 1387 2379 1445 Ι,

154 1485 280 1524 non
313 1476 401 1523 est
429 1462 823 1545 prohibitive,
865 1464 965 1522 sed
993 1462 1341 1536 simpliciter
1367 1463 1647 1538 negative
1677 1460 2091 1538 accipiendum,
2130 1477 2199 1524 ut
2235 1465 2295 1541 5,
2320 1471 2380 1528 3.

155 1549 333 1609 Prov.
367 1553 465 1622 12,
493 1550 593 1606 28.
637 1551 743 1621 28,-
774 1548 871 1606 17.
928 1581 1016 1593 —
1072 1541 1240 1636 3²3&
1285 1541 1452 1625 nimb-
1493 1544 1731 1604 Nutaro
1775 1544 1943 1623 (alii,
1999 1551 2214 1629 quibus,
2252 1555 2386 1621 1:²12:

156 1643 249 1691 est
279 1652 490 1691 nomen
516 1633 734 1691 formae
766 1634 920 1706 ΠἾἾ,
959 1634 1114 1704 Ε’ἹΞΞ,
1145 1624 1402 1688 'reddunt
1426 1631 1491 1687 in
1520 1628 1918 1709 nutationem)
1948 1633 2162 1710 pedem
2197 1644 2381 1711 luunt,

158 1719 200 1775 i.
234 1739 285 1775 e.
329 1718 677 1775 sustentabit
715 1727 808 1790 te,
864 1715 1261 1774 confirmando
1301 1716 1558 1774 animum
1596 1726 1656 1774 et
1687 1733 1896 1791 corpus
1927 1727 2126 1791 tuum,
2181 1728 2248 1776 ut
2277 1739 2381 1778 su·-

156 1820 323 1877 peres
353 1803 596 1860 adversa
625 1805 851 1869 omnia;
885 1820 1022 1859 nam
1048 1802 1149 1877 qui
1178 1817 1374 1857 casum
1410 1808 1471 1856 et
1495 1802 1718 1877 lapsum
1744 1798 1978 1872 arertit,
2006 1803 2059 1858 is
2090 1813 2380 1863 sustentat

156 1887 436 1944 nimirum
465 1905 626 1958 eum,
670 1888 772 1963 qui
802 1886 1107 1957 consistit,
1151 1893 1218 1941 ut
1249 1886 1438 1960 possit
1465 1887 1800 1943 consistere.
1855 1881 1943 1943 cf.
1976 1887 2220 1945 eandem
2248 1880 2380 1946 for·-

153 1972 371 2028 mulam
397 1968 572 2027 Deut.
592 1972 694 2042 32,
716 1969 817 2028 35.
855 1968 948 2027 Ps.
970 1971 1070 2040 17,
1091 1968 1148 2025 5.
1194 1970 1298 2041 23,
1326 1970 1424 2025 17.
1472 1966 1577 2041 55,
1603 1970 1706 2027 23.
1739 1998 1820 2012 -
1856 1963 2052 2059 ἾᾛΠῖῑᾶ
2091 1976 2218 2035 nu*
2235 1969 2381 2054 ’ὃς

151 2051 287 2112 Non
315 2055 470 2112 enim
497 2050 790 2112 dormitat
821 2056 924 2133 qui
947 2054 1214 2111 custodit
1246 2063 1326 2127 te,
1355 2071 1498 2132 ergo
1530 2055 1896 2111 continenter
1919 2039 2378 2116 t'e'susterftabit.

324 2166 385 2221 4.
471 2162 664 2222 Verba
718 2161 860 2243 7125„
919 2158 1037 2225 &57
1095 2157 1380 2225 nav-§ih
1440 2179 1556 2219 non
1598 2159 1928 2234 dormitat,
1980 2180 2091 2221 nec
2133 2162 2376 2239 dormit,

150 2248 340 2324 aliqui
367 2258 592 2306 mutato
627 2227 1258 2323 ordifle’poni⁸dicun't,
1285 2265 1462 2321 quum
1489 2246 1835 2322 simpliciter
1860 2248 1947 2305 sic
1975 2256 2159 2305 esset:
2192 2266 2377 2325 neque

152 2333 404 2405 dormit,
462 2350 649 2408 neque
688 2330 983 2389 dormitat.
1066 2329 1190 2387 Alii
1229 2325 1552 2410 αὐξητικῶς
1592 2328 1705 2387 boc
1735 2328 1852 2388 dici
1877 2333 2118 2403 volunt,
2174 2340 2244 2390 ut
2273 2335 2375 2408 sit,

149 2434 279 2476 non
327 2416 634 2488 dormitat,
707 2414 899 2472 multo
952 2417 1146 2474 minus
1199 2412 1433 2475 dormit.
1515 2415 1636 2475 Alii
1684 2415 1995 2493 imaginem
2053 2415 2376 2477 desumtam

148 2510 364 2577 putant
404 2502 475 2559 ab
519 2501 930 2566 itineratorum
969 2501 1218 2558 catervis
1257 2495 1718 2579 (Karavanen),
1779 2517 1925 2576 quae
1961 2508 2273 2577 antequam
2311 2521 2375 2561 se

152 2584 343 2660 quieti
375 2584 608 2641 tradant
645 2584 916 2641 custodes
953 2581 1259 2662 disponere
1294 2584 1528 2658 solent,
1582 2594 1650 2643 ut
1689 2582 1762 2645 ab
1803 2583 2094 2647 Arabibus
2132 2586 2376 2643 latroci-

151 2667 431 2725 nantibus
471 2666 723 2744 ferisque
762 2685 825 2727 se
866 2676 1159 2727 tueantur.
1603 2687 1604 2690 ’
2027 2679 2030 2682 ’

326 2765 385 2824 5.
470 2765 662 2825 Verba
707 2775 887 2851 33³7?
934 2763 1164 2847 ἰζ-’βξ
1214 2762 1355 2852 3⁷22}
1391 2786 1514 2826 non
1552 2776 1691 2827 sunt
1725 2761 2159 2847 conjungenda,
2203 2767 2392 2845 quasi.

153 2859 346 2910 esset:
383 2850 592 2909 umbra
629 2834 956 2929 tua'sufier
990 2870 1221 2910 manum
1257 2836 1422 2911 ticam
1453 2852 1767 2910 dexteram
1806 2850 2124 2933 (quomodo
2152 2848 2376 2916 Lacke-

148 2934 455 2996 macheras
489 2937 703 3008 voluit,
746 2937 847 3012 qui
879 2937 1130 3017 figuram
1161 2939 1403 3013 petitam
1432 2939 1731 3012 existimat
1757 2939 1828 2996 ab
1859 2937 2133 3010 umbella,
2176 2955 2373 3014 quam,

149 3015 229 3079 ut‘
256 3019 388 3078 fieri
423 3021 569 3078 solet
598 3023 661 3077 in
688 3021 1026 3100 regionibus
1058 3022 1472 3096 calidioribus,
1528 3039 1705 3080 manu
1747 3024 1878 3099 quis
1917 3030 2075 3079 tenet
2114 3017 2373 3094 dextera,

153 3115 225 3164 ut
255 3122 290 3161 a
322 3105 506 3162 radiis
535 3105 677 3161 solis
707 3124 913 3182 corpus
943 3124 1112 3181 suum
1141 3102 1473 3183 defendat),
1529 3107 1629 3165 sed
1667 3105 1993 3165 dirimenda
2026 3107 2254 3181 potius,
2301 3113 2373 3162 ut

151 3192 270 3248 sits
328 3187 488 3247 Deus
530 3187 769 3270 umbra,
823 3191 864 3247 i.
895 3208 943 3248 e.
973 3191 1258 3266 protectio
1291 3200 1394 3248 tua
1435 3190 1526 3271 (ut
1565 3189 1741 3249 Num.
1771 3193 1871 3264 14,
1900 3191 1962 3247 9.
2005 3188 2103 3247 Ps.
2133 3190 2238 3263 91,
2270 3184 2375 3267 1.),

149 3272 235 3333 ad
273 3291 506 3331 manum
546 3273 860 3331 dexteram
899 3279 1096 3348 tuam,
1139 3294 1221 3332 sc.
1252 3275 1487 3348 aderit,
1529 3277 1569 3332 i.
1599 3294 1653 3332 e.
1685 3284 1913 3351 praesto
1942 3274 2052 3336 tibi
2086 3276 2222 3350 erit,
2264 3291 2377 3352 pa-

150 3368 321 3422 ratus
367 3345 443 3414 ad
481 3368 538 3415 te
575 3359 927 3433 juvandum,
963 3361 1024 3416 si
1067 3377 1210 3436 opus
1253 3360 1367 3433 sit,
1409 3360 1482 3417 cf.
1521 3359 1618 3418 Ps.
1656 3362 1752 3432 16,
1780 3359 1843 3417 8.
1893 3360 2034 3432 100,
2060 3359 2160 3417 32.

325 3461 388 3516 6.
475 3454 755 3516 Interdiu
796 3453 891 3515 sol
925 3475 1041 3515 non
1082 3459 1278 3518 laedet
1320 3467 1401 3533 te,
1439 3470 1501 3518 et
1531 3459 1671 3519 lenna
1697 3467 1879 3529 noctu
1920 3477 2000 3517 sc.
2030 3472 2147 3516 non
2178 3458 2377 3518 laedet

149 3553 246 3619 te,
286 3555 357 3600 ut
392 3542 547 3600 enim
580 3543 726 3597 solis
759 3552 954 3601 aestus
984 3545 1184 3621 gravis
1221 3545 1285 3601 in
1316 3547 1546 3619 aprico,
1586 3545 1674 3600 ita
1704 3546 1874 3602 lunae
1902 3543 2009 3601 lux
2035 3546 2217 3602 noxia
2247 3562 2375 3603 cre-

145 3631 308 3688 ditur
337 3625 449 3684 sub
480 3624 589 3684 hac
621 3622 1076 3700 dormientibus,
1116 3629 1181 3684 in
1211 3630 1389 3687 terris
1419 3630 1539 3686 illis
1572 3628 1793 3686 calidis.
1861 3625 1955 3687 cf.
1991 3626 2101 3686 das
2133 3645 2189 3685 a.
2223 3646 2282 3685 ιι.
2313 3643 2374 3684 n.

147 3712 442 3793 Morgenl.
487 3706 562 3772 T.
601 3709 697 3768 IV.
742 3729 800 3786 p.
835 3713 973 3769 108.
1058 3709 1252 3792 Vulgo
1306 3712 1754 3790 percussionem
1805 3713 1977 3771 lunae
2027 3712 2097 3770 de
2148 3712 2374 3790 frigore

152 3796 552 3874 accipiendum
611 3791 951 3853 existimant
1001 3802 1324 3870 nocturno,
1391 3797 1548 3874 qnod
1590 3799 1929 3873 praesertim
1967 3805 2102 3874 post
2146 3804 2377 3852 noctem

148 3883 432 3954 mediam,
480 3880 722 3939 orientis
758 3881 822 3938 in
850 3882 1225 3960 regionibus,
1270 3900 1451 3961 grave
1482 3891 1542 3939 et
1573 3882 1880 3940 molestum
1906 3888 2029 3954 est,
2085 3877 2240 3937 unde
2268 3871 2376 3935 Ja-

152 3965 330 4024 cobus
372 3966 645 4024 interdiu
686 3971 896 4037 aestu,
969 3974 1151 4024 noctu
1196 3983 1336 4024 vero
1376 3965 1638 4042 frigore
1680 3966 2008 4025 absumtum
2055 3981 2119 4021 se
2161 3961 2414 4034 fuisse'

153 4051 422 4125 queritur
453 4051 598 4109 Gen.
623 4049 727 4120 31,
757 4050 879 4122 39„
921 4060 979 4108 et
1007 4050 1284 4110 Jeremias
1315 4054 1421 4125 36,
1448 4054 1549 4109 30.
1576 4050 1803 4128 frigus
1835 4058 2191 4108 nocturnum
2233 4064 2375 4103 con·

147 4134 351 4210 jungit
389 4152 519 4190 cum
558 4143 731 4192 aestu
773 4141 1086 4193 nocturno.
1168 4136 1387 4215 Frigus
1418 4153 1560 4195 vero
1589 4145 1941 4214 nocturnum
1975 4133 2147 4189 lunae
2189 4128 2377 4188 tribu-

152 4225 284 4273 tum
322 4219 691 4291 existimant,
748 4218 941 4294 quod,
984 4221 1075 4277 uti
1107 4240 1142 4281 a
1177 4223 1298 4279 sole
1324 4232 1520 4280 aestus
1552 4219 1942 4295 proficiscitur
1971 4215 2251 4288 diurnus,
2291 4215 2378 4271 ita

152 4302 295 4358 luna
338 4296 527 4376 (quod
565 4303 727 4359 sidus
768 4305 937 4362 nocti
964 4322 1254 4384 praeesse
1294 4305 1515 4364 dicitur
1546 4304 1692 4378 Gen.
1726 4305 1785 4376 1,
1814 4298 1941 4382 16.)
1985 4317 2090 4380 pro
2122 4298 2285 4359 fonte
2317 4306 2379 4354 et

153 4382 444 4442 effectrice
485 4383 730 4467 frigoris
773 4390 1049 4449 nocturni
1092 4388 1293 4450 habita
1330 4389 1534 4451 fuerit.
1663 4462 1668 4466 ι

231 4465 473 4528 Psalmi.
1642 4471 1700 4533 R
1726 4489 1760 4534 r
