2807 4913
856 296 988 385 Pe,
1043 311 1110 379 2,
1156 313 1268 365 ιο.
1336 296 1463 363 Pe.
1507 290 1577 378 3,
1624 278 1726 392 ι.’
2282 291 2383 365 37

147 498 151 509 ·
210 487 304 563 *¹³:²3
348 477 599 553 plerique
653 478 902 554 interpp.
947 479 1358 555 intransitive,
1421 477 1761 551 nordendi
1805 480 2234 562 significatione
2276 499 2379 542 au·>

205 574 355 632 munt,
404 563 500 619 sed
534 563 910 621 Aben-Esra
941 566 1317 620 transitivum
1351 561 1448 619 hic
1485 583 1610 623 esse
1644 576 1873 639 censet,
1913 576 1982 623 ut
2015 567 2103 623 ΡΒ.
2137 565 2240 639 83,
2275 570 2389 635 15.,

206 648 323 703 sicut
357 648 507 723 ignis
552 647 777 722 sylvam
826 646 1137 704 consumit.
1219 648 1423 724 Itaque
1464 659 1522 704 et
1566 648 1622 707 h.
1653 652 1695 707 1.
1736 651 2041 707 absumere
2080 669 2203 707 esse
2234 671 2370 708 ver-

207 732 396 789 tendum.
484 732 679 788 Verba
722 738 789 793 '72
834 730 1144 817 'ofin-3³³.
1199 734 1375 810 '73⁵ss
1430 733 1922 807 epiphonematice
1964 736 2374 808 subjiciuntur,

214 816 259 871 iu
285 815 521 873 antithesi
569 818 834 892 quidem,
874 816 972 873 sed
1009 835 1124 872 non
1161 815 1464 899 expressa:
1512 822 1664 874 sicut
1708 823 1854 877 iram
1898 820 2011 876 Dei
2056 831 2115 878 et
2155 839 2371 894 poenas

216 901 333 955 abeo
371 914 709 975 exspectare
754 902 960 958 debent
1006 919 1238 971 omnes,
1293 904 1390 975 qui
1431 902 1815 961 adversantur
1860 908 1950 978 ei,
2010 907 2095 963 ita
2139 914 2367 973 contra,

212 986 273 1057 qui
291 985 402 1045 fidei
435 989 561 1058 ejus
597 1006 658 1041 se
692 988 1061 1062 permittent,
1120 987 1438 1042 incolumes
1480 997 1539 1044 et
1582 990 1695 1044 tuti
1739 1000 1926 1046 erunt.
2014 987 2188 1045 Verbi
2225 1002 2369 1077 ηυντ-Ξ

200 1072 372 1143 propria
405 1072 764 1148 significatio
802 1072 1033 1128 videtur
1074 1088 1235 1127 esse:
1284 1070 1391 1127 sub
1440 1070 1713 1128 lacinium
1759 1074 1982 1130 aluntve
2026 1074 2215 1130 vestis
2260 1093 2367 1148 po-

198 1156 403 1210 tentioris
450 1158 703 1229 alicujus
748 1173 811 1212 se
855 1157 1158 1231 recipere,
1210 1164 1277 1211 ut
1320 1158 1594 1234 colligere
1640 1160 1779 1214 licet
1812 1178 1883 1215 ex
1919 1161 2150 1217 nomine
2182 1157 2359 1215 Arab.

189 1238 386 1311 waiam,
432 1242 721 1315 primum,
769 1260 879 1297 ora
918 1240 1142 1311 vestis,
1191 1249 1311 1295 tum
1348 1240 1613 1298 asseclae
1650 1244 1993 1319 protectio,
2051 1241 2203 1319 quod
2251 1260 2364 1297 ora

183 1324 327 1379 vestis
379 1324 734 1399 expanditur
800 1326 965 1401 quasi
1028 1343 1200 1399 super
1261 1325 1499 1381 clientes
1561 1345 1596 1382 a
1655 1338 1902 1400 patrono
1970 1336 2361 1404 praepotente,

181 1407 397 1483 quodque
442 1411 587 1466 olim
627 1412 731 1466 sub
774 1409 1044 1465 laciniam
1094 1411 1316 1465 alamve
1354 1412 1533 1466 vestis
1577 1412 1757 1485 recipi
1803 1414 2094 1485 solerent,
2156 1414 2255 1486 qui
2294 1413 2358 1467 in

177 1492 453 1549 clientelam
495 1495 983 1570 suscipiebantur.
1071 1491 1247 1566 Cujus
1285 1496 1373 1550 rei
1407 1496 1729 1569 exemplum
1771 1498 1969 1552 inveni
2017 1499 2078 1553 in
2121 1494 2358 1553 Abulfe-

174 1574 253 1647 dac
275 1578 625 1650 Annalibus,
671 1579 768 1635 ubi
806 1588 1117 1647 narratur,
1160 1577 1653 1651 Mubammedem,
1702 1599 1875 1654 quum
1912 1583 2066 1638 inter
2095 1581 2354 1654 captivas

172 1660 536 1719 collactaneam
590 1684 847 1720 sororem
892 1665 1262 1742 agnovisset,
1335 1683 1458 1720 eam
1502 1663 1724 1734 injecto
1769 1683 1875 1721 suo
1914 1665 2105 1744 pallio
2159 1673 2355 1720 tutam

172 1741 226 1796 ab
272 1749 413 1802 omni
459 1748 698 1819 injuria
747 1751 1157 1826 praestitisse.
1242 1751 1394 1827 ''⁸2²'ss
1445 1759 1716 1825 sequente
1759 1769 2017 1826 praepos.
2068 1762 2108 1809 2
2157 1749 2348 1805 forma

170 1831 427 1904 regiminis
461 1836 656 1906 posita
685 1845 801 1897 est,
851 1843 918 1889 ut
949 1852 1115 1908 saepe
1143 1835 1287 1889 alias
1323 1835 1454 1889 fieri
1486 1837 1666 1905 solet,
1716 1836 1948 1910 quando
1989 1854 2198 1892 nomen
2234 1835 2356 1890 alia*

170 1915 370 1985 quadam
421 1919 800 1975 construendi
840 1921 1074 1975 ratione
1113 1920 1330 1973 arctius
1373 1920 1751 1997 conjungitur
1797 1938 1924 1976 cum
1972 1940 2114 1978 voce
2162 1937 2347 1994 sequ.,

171 1997 305 2053 etiam
351 2002 740 2059 intercedente
783 2006 1102 2078 particula,
1167 2016 1233 2058 ut
1281 2002 1372 2058 Ps.
1421 2004 1534 2074 84,
1578 2008 1632 2060 7.
1697 2016 1871 2092 3¹>ng
1929 2008 2085 2081 '133²
2138 2005 2342 2063 vallem

171 2087 543 2164 transeuntes,
583 2085 697 2147 Jes.
721 2088 825 2165 33,
856 2090 913 2146 6.
955 2099 1113 2149 nra-17
1154 2097 1345 2147 wazu
1389 2089 1702 2167 sapientia
1739 2084 1802 2145 e't
1843 2090 2132 2168 cognitio.

1017 2154 1119 2176 --T
1221 2153 1347 2181 '²21¹

1117 2277 1163 2334 P
1178 2293 1229 2335 s.
1289 2236 1346 2334 3.

300 2392 575 2460 Queritur
620 2396 865 2471 primum
912 2394 980 2451 de
1021 2392 1279 2451 hostium
1315 2392 1693 2451 multitudine
1729 2401 1902 2471 atque
1934 2393 2340 2468 insultatione,

166 2469 239 2530 Vs,
271 2478 319 2531 2.
346 2479 399 2535 3.
483 2479 606 2537 Sed
649 2499 786 2536 mox
821 2482 1185 2552 superiorum
1228 2488 1548 2554 temporum
1594 2482 1905 2551 memoria,
1966 2480 2176 2555 quibus
2219 2488 2338 2537 tam

166 2560 295 2616 multi
323 2562 501 2620 divini
534 2563 753 2621 favoris
794 2565 1135 2621 documenta
1176 2575 1504 2639 acceperat,
1564 2567 1624 2621 in
1669 2585 1824 2640 spem
1868 2564 2199 2640 ingreditur
2241 2561 2332 2620 di-

169 2644 258 2698 vini
287 2650 481 2704 auxilii
517 2660 690 2724 atque
717 2652 996 2707 victoriae
1025 2649 1092 2704 de
1121 2648 1381 2704 hostibus
1411 2650 1829 2720 reportandae,
1876 2650 2016 2704 4--
2036 2652 2090 2707 7.
2170 2648 2334 2705 Tan-

168 2725 257 2783 dem
300 2732 526 2788 divinae
575 2736 701 2808 opis
765 2736 1171 2809 imploratione
1222 2744 1393 2809 atque
1450 2737 1603 2790 votis
1647 2755 1750 2810 pro
1808 2735 2078 2789 universo
2124 2734 2333 2809 populo

166 2815 449 2890 concludit,
502 2821 562 2874 8.
595 2820 648 2873 9Δ
703 2851 776 2862 --
842 2820 1030 2885 Quum
1076 2816 1303 2893 fugeret
1340 2819 1682 2874 Absalonem
1719 2820 1901 2875 fllium
1948 2818 2018 2888 (2
2041 2819 2196 2874 Sam.
2236 2816 2332 2891 15,

167 2895 239 2951 16.
264 2903 430 2975 sqq),
473 2902 635 2959 hunc
668 2902 762 2959 Ps.
795 2922 829 2959 a
872 2913 1032 2978 patre
1064 2901 1425 2959 decantatum
1461 2922 1583 2959 esse
1624 2904 1767 2959 dicit
1808 2902 1962 2959 hebr.
2000 2905 2329 2976 inscriptio,

164 2996 306 3056 neque
334 2987 478 3045 inest
521 2987 751 3044 Psalmo
796 2986 1146 3066 quidquam,
1208 2990 1359 3064 quod
1408 3007 1516 3045 nos
1561 2999 1826 3062 moveat,
1886 2998 1951 3044 ut
1996 2990 2167 3044 aliter
2210 2995 2332 3042 sta-

161 3072 363 3128 tuamuS.

294 3186 344 3243 l.
395 3185 657 3245 Davidis
697 3186 985 3262 Psalmus,
1030 3203 1201 3265 quum
1241 3199 1504 3265 propter
1537 3187 1883 3248 Absalonem
1914 3186 2116 3259 filium
2160 3204 2329 3242 suum

150 3263 377 3342 fugeret.
450 3273 503 3329 E
540 3274 1287 3348 priscorumsRabbinorum
1318 3278 1606 3331 sententia
1639 3275 1726 3330 Ps.
1758 3275 1945 3329 editus
1975 3273 2108 3342 fuit,
2149 3290 2326 3347 quum

161 3353 294 3409 nudis
345 3358 582 3429 pedibus
636 3370 807 3433 atque
865 3371 1064 3433 operto
1121 3361 1306 3434 capite
1355 3361 1657 3430 olivarnm
1706 3362 1918 3414 clivum
1970 3357 2323 3428 ascenderet,

162 3434 328 3497 2Sam.
358 3442 448 3514 15,
469 3444 571 3499 30.
634 3443 713 3499 Et
744 3455 894 3501 certe
924 3444 1019 3498 bic
1044 3446 1314 3518 temporis
1343 3446 1625 3499 articulus
1653 3444 1794 3499 bene
1826 3443 2119 3520 congruit,
2150 3439 2321 3496 modo

159 3536 433 3597 sumamus,
476 3525 759 3583 Davidem
788 3528 1055 3585 effudisse
1090 3548 1353 3599 carmen,
1391 3547 1543 3597 non,
1587 3528 1720 3583 dum
1756 3526 1892 3606 fuga
1924 3544 2046 3581 sese
2078 3544 2150 3582 ex
2180 3524 2322 3580 urbe

158 3607 365 3682 eripuit,
427 3613 528 3669 sed
578 3623 878 3686 postquam
929 3615 1000 3669 ab
1052 3612 1314 3669 hostibus
1359 3613 1826 3687 persequentibus
1871 3628 2108 3666 securus
2152 3616 2320 3666 esset.

158 3688 398 3767 Absalon,
443 3700 547 3773 qui
574 3700 746 3752 simul
778 3699 845 3754 de
878 3717 1060 3776 regno
1096 3699 1460 3771 occupando,
1501 3706 1557 3751 et
1590 3707 1749 3771 patre
1786 3716 1816 3752 e
1841 3693 2029 3751 medio
2062 3692 2315 3752 tollendo

163 3780 419 3838 eonsilium
449 3785 667 3856 cepisse
700 3783 951 3851 videtur,
993 3781 1317 3839 Hebronem
1355 3781 1643 3856 profectus
1670 3790 1779 3850 est,
1826 3800 1940 3836 non
1967 3782 2155 3838 solum
2186 3795 2317 3833 cum

165 3860 408 3922 ordinario
451 3877 619 3921 coetu
656 3865 1096 3923 domesticorum
1130 3877 1187 3921 et
1222 3870 1572 3936 amicorum,
1633 3867 1732 3940 qui
1776 3866 2151 3920 consiliorum
2194 3863 2320 3933 ejus.

166 3947 414 4023 participes
444 3960 631 4020 erant,
673 3951 773 4006 sed
804 3955 978 4007 etiam
1009 3970 1136 4006 cum
1169 3952 1289 4005 200
1318 3953 1463 4007 viris
1509 3949 2081 4024 Hierosolymitanis,
2127 3958 2319 4002 cetera

166 4029 342 4097 quidem
381 4036 625 4113 integris
672 4046 727 4090 et
772 4037 953 4091 totius
988 4036 1076 4091 rei
1117 4037 1373 4113 ignariS,
1420 4036 1519 4108 qui
1554 4037 1772 4108 alioqui
1801 4033 2075 4089 Absaloni
2108 4041 2315 4087 contra

161 4103 387 4173 Davidem
420 4138 537 4175 non
574 4120 886 4191 favissent,
928 4122 1042 4174 ‘sed
1080 4138 1216 4174 mox
1250 4119 1510 4175 videntes
1545 4138 1604 4174 se
1640 4137 1737 4193 per
1774 4116 2216 4188 imprudentiam
2250 4116 2316 4170 in
2401 4137 2406 4142 ¹

160 4199 508 4268 conjuratione
551 4206 910 4277 implicatos,
953 4206 1015 4259 iu
1047 4205 1307 4260 facinore
1338 4205 1859 4280 progrederentur,
1902 4199 2054 4274 quod
2090 4201 2348 4258 noluis-,

158 4291 263 4364 ⁸?nt
306 4285 598 4360 inchoare3
669 4299 1138 4362 postremoxcum
1193 4292 1454 4345 exercitu
1505 4286 1576 4341 ad
1622 4285 2029 4359 Hierosolyma
2069 4283 2313 4353 accedit,

161 4367 215 4415 ut
246 4370 323 4426 vel
343 4373 399 4431 vi
426 4376 517 4430 vel
539 4372 836 4431 deditione
868 4392 975 4431 rex
1001 4382 1059 4431 et
1091 4375 1298 4431 civitas
1329 4375 1392 4429 iu
1421 4390 1586 4429 suam
1615 4380 1960 4447 potestatem
1985 4368 2311 4425 deveniant.
