2807 4913
413 310 595 385 132,
721 283 739 296 “
888 267 899 276 ’
1234 302 1820 395 P..‚9‚„2-4.

419 497 655 567 turris,
702 490 1052 569 praesidium
1103 497 1196 550 est
1242 489 1460 549 salutis
1503 489 1672 568 regis
1716 488 1832 546 sui.
1919 485 2034 546 Sed
2080 485 2297 547 Psalmi
2341 487 2657 548 lectionem

419 579 856 663 praeferendam
897 585 1095 652 putes
1837 587 1844 596 ·

1397 713 1511 771 Ps.
1573 716 1671 772 19.

590 820 860 881 Celebrat
892 817 1176 893 duplicem
1205 814 1519 888 rationem,
1552 806 1809 874 divinam
1840 814 2158 892 potentiam
2191 815 2653 891 sapientiamque

326 927 329 934 '
423 905 848 989 cognoscendi,
903 921 1080 958 unam
1115 920 1189 959 ex
1227 903 1373 958 coeli
1405 900 1652 958 mirifica
1683 911 2015 972 structura,
2075 901 2332 960 alteram
2346 920 2420 958 ex
2456 902 2651 979 legum

427 994 758 1052 divinarum
790 988 1224 1065 praecellentia.
1269 1018 1343 1030 --
1386 986 1478 1043 ob
1512 987 1882 1043 subitaneum
1909 984 2005 1041 Vs.
2037 986 2094 1042 8.
2128 983 2439 1042 transitum
2477 1002 2512 1040 a
2551 1004 2653 1040 ce-

430 1079 652 1136 lebrata
679 1074 827 1145 Dei,
872 1072 1105 1147 qualis
1093 1090 1156 1128 ιιι
1189 1073 1483 1128 coelorum
1515 1070 1744 1145 opificio
1776 1088 1899 1127 sese
1932 1070 2188 1140 exserit,
2228 1072 2527 1143 potentia,
2571 1068 2650 1125 ad

423 1162 816 1239 praestantiae
849 1158 1037 1235 legum
1073 1155 1407 1212 divinarum
1439 1157 1841 1231 praeconium,
1895 1173 2004 1211 nos
2031 1155 2178 1211 olim
2213 1154 2276 1208 in
2312 1151 2512 1209 hane
2495 1154 2651 1212 mci-

426 1248 614 1304 dimus
645 1244 1057 1316 conjecturam,
1089 1258 1212 1296 esse
1238 1238 1350 1297 hoc
1380 1239 1613 1296 Psalmo
1644 1239 1758 1297 duo
1790 1236 2019 1296 diversa
2051 1238 2329 1311 carmina,
2361 1246 2464 1294 aut
2490 1246 2649 1293 certe

429 1332 791 1388 diversorum
833 1326 1156 1390 carminum
1200 1325 1515 1399 particulas
1555 1342 1693 1382 casu
1726 1325 1820 1380 vel
1852 1324 2099 1379 consilio
2125 1322 2191 1377 in
2213 1319 2323 1378 hoc
2352 1341 2472 1378 uno
2504 1340 2649 1378 con-

418 1417 655 1490 juncta,
698 1430 842 1488 quae
874 1409 944 1465 ab
983 1410 1298 1483 interprete
1331 1411 1454 1465 sint
1485 1407 1856 1487 sejungenda.
1943 1405 2060 1470 Sed
2087 1407 2320 1464 missam
2344 1407 2465 1480 jam
2501 1406 2649 1461 faci-

424 1518 553 1555 mus
588 1499 759 1554 istam
791 1496 1212 1567 conjecturam,
1270 1503 1337 1550 ut
1377 1494 1617 1550 minime
1661 1494 2063 1550 necessariam.
2146 1488 2312 1547 Nihil
2351 1491 2646 1548 veteribus

425 1592 483 1640 et
510 1582 903 1639 Hebraeorum
938 1588 995 1634 et
1023 1577 1279 1636 Arabum
1306 1580 1492 1653 poetis
1525 1577 1919 1653 frequentiuS,
1976 1579 2150 1652 qu'am
2184 1575 2248 1630 in
2284 1575 2482 1632 eodem
2515 1593 2647 1631 car-
2715 1573 2722 1578 ’

423 1663 579 1725 mine
623 1666 693 1723 ab
730 1682 847 1720 uno
882 1663 956 1719 ad
984 1664 1230 1719 alterum
1256 1672 1660 1741 argumentum
1692 1660 1886 1718 subito
1920 1662 2190 1718 transire·
2274 1659 2475 1735 Neque
2504 1656 2647 1736 quid

423 1752 676 1809 moverit
715 1750 1000 1823 aliquem,
1064 1757 1132 1802 ut
1165 1748 1412 1804 duorum
1448 1748 1769 1803 carminum
1796 1744 2126 1826 fragmenta
2159 1746 2224 1801 in
2260 1762 2440 1800 unum
2485 1762 2646 1802 com-

422 1839 726 1914 pingeret,
770 1832 942 1889 facile
977 1833 1345 1907 perspicitur.
1413 1860 1498 1874 ...,
1545 1832 1675 1898 Quo
1720 1838 1980 1906 tempore
2020 1829 2210 1887 editus
2244 1830 2324 1885 sit
2352 1827 2645 1899 Psalmus,

421 1919 712 1997 probabili
748 1917 919 1973 modo
953 1916 1343 1973 demonstrari
1376 1934 1498 1973 non
1527 1923 1750 1993 potest3
1810 1933 1994 1990 neque
2037 1916 2212 1971 etiam
2250 1912 2323 1970 ad
2362 1914 2643 1970 carminis

423 2003 880 2082 intelligentiam
903 2001 1072 2074 juvat
1104 1999 1405 2076 temporis,
1443 2020 1558 2078 quo
1587 2001 1869 2075 scriptum
1898 2001 1998 2072 sit,
2040 1999 2274 2056 notitia.

591 2105 632 2160 2
657 2104 811 2159 -4.
897 2097 979 2165 >N
1004 2132 1092 2143 -
1120 2103 1346 2162 nvn-5²7
1395 2101 1561 2159 Coeli
1603 2106 1900 2157 enarrant
1939 2097 2193 2175 gloriam
2235 2097 2391 2171 Dei,
2432 2115 2644 2176 corpo-

422 2209 555 2250 rum
584 2188 914 2245 coelestium
943 2184 1086 2243 ordo
1119 2197 1177 2242 et
1206 2171 1575 2262 pulchritudo
1604 2195 1777 2243 testes
1807 2193 1946 2240 sunt
1976 2202 2044 2241 ac
2076 2203 2382 2261 praecones
2417 2184 2643 2242 assidui

348 2327 351 2332 .
425 2275 650 2354 gloriae
678 2282 849 2348 atque
875 2272 1171 2348 potentiae
1200 2273 1453 2346 divinae,
1491 2272 1648 2344 dum,
1692 2282 1944 2346 quantus
1976 2271 2055 2326 sit
2077 2267 2258 2341 Deus,
2297 2287 2647 2346 quamquam

425 2360 623 2429 taciti,
670 2358 929 2434 quotidie
960 2356 1169 2413 docent
1205 2365 1265 2413 et
1297 2357 1645 2423 admonent3
1703 2373 1875 2449 quam
1912 2357 2290 2427 sententiam,
2337 2370 2444 2427 pro
2480 2373 2645 2411 more

421 2444 717 2516 carminiS,
755 2443 965 2517 repetit
996 2439 1420 2500 hemistichium
1448 2443 1732 2501 alterum·
1775 2426 1946 2504 'am
1932 2443 2152 2530 ἻΨξἉἹ
2192 2451 2257 2499 et
2286 2438 2645 2513 firmamen-

394 2537 549 2587 ·tum
601 2529 897 2603 praedicat
939 2544 1086 2602 opus
1133 2546 1406 2584 manuum
1446 2546 1722 2599 suarum,
1802 2543 1950 2603 quae
1997 2536 2060 2581 et
2102 2537 2320 2603 quanta
2363 2526 2645 2599 perficere

412 2622 596 2692 queat
631 2612 832 2669 divina
868 2613 1155 2686 sapientia
1196 2620 1255 2668 et
1292 2614 1590 2688 potentia,
1651 2615 1859 2670 docent
1894 2609 2149 2667 siderum
2181 2622 2418 2668 ornatus
2452 2620 2513 2668 et
2543 2612 2645 2667 in-

420 2707 621 2777 gentes
656 2687 974 2753 machinae.
1044 2694 1133 2752 De
1163 2706 1329 2783 »ἾΡἿ
1354 2697 1474 2755 vid.
1511 2698 1583 2755 ad
1609 2698 1757 2756 Gen.
1790 2699 1845 2769 l,
1874 2694 1935 2752 6.
1988 2725 2058 2736 -·
2108 2698 2166 2753 3.
2209 2686 2314 2758 '7:⁶7
2354 2691 2493 2758 D'wb
2536 2697 2642 2756 m*

382 2780 573 2841 ‘Dies
618 2780 734 2837 diei
774 2778 1138 2850 manifestat
1181 2782 1321 2859 (Vb.
1351 2790 1461 2841 3733
1503 2783 1567 2838 ἰιι
1600 2783 1773 2842 Arab.
1809 2790 1899 2845 est
1940 2781 2271 2859 apparuit,
2310 2760 2646 2850 manifesta

415 2865 616 2923 evasit
655 2863 798 2942 res)
847 2864 1108 2936 dictum,
1150 2868 1327 2923 verba
1371 2850 1560 2924 laudis
1607 2869 1873 2941 divinae,
1932 2883 2165 2941 noxque
2206 2866 2373 2922 nocti
2411 2863 2644 2921 indicat

419 2950 737 3008 scientiam
789 2948 1067 3006 laudandi
1116 2947 1323 3008 Deum.
1410 2953 1563 3020 Quia
1619 2953 1843 3009 coelum
1891 2950 2187 3026 praedicat
2243 2969 2344 3026 per
2397 2949 2520 3007 dies
2571 2957 2640 3011 qt

414 3048 654 3107 noctes,
699 3053 829 3090 cum
872 3032 1127 3090 interdiu
1168 3036 1437 3109 princeps
1482 3044 1809 3110 astrorum,
1853 3037 1976 3106 sol,
2021 3037 2407 3111 conspicitur,
2451 3043 2640 3090 noctu

417 3120 725 3177 stellarum
763 3116 1159 3196 pulchritud03
1225 3129 1285 3176 et
1319 3124 1459 3196 quia
1493 3120 1615 3179 dies
1655 3131 1714 3178 et
1753 3130 1953 3178 noctes
1991 3118 2104 3175 sibi
2144 3122 2391 3177 invicem
2431 3137 2638 3175 succe-

420 3203 592 3275 dunt,
637 3203 768 3261 ideo
798 3203 1026 3279 poetico
1051 3204 1301 3261 artificio
1331 3206 1507 3284 fingit
1533 3215 1754 3278 noster,
1797 3224 1979 3262 unum
2013 3202 2163 3261 diem
2187 3213 2421 3280 peracto
2453 3221 2636 3261 cursu

416 3296 477 3343 et
505 3288 939 3364 praedicatione
974 3303 1099 3358 sua,
1144 3288 1374 3346 tradere
1408 3291 1527 3348 diei
1559 3293 1825 3367 sequenti
1859 3287 2035 3345 verba
2063 3288 2534 3363 praedicationis,
2574 3297 2638 3344 et

415 3384 645 3429 noctem
676 3388 901 3448 quoque
920 3384 945 3440 ,κ
997 3382 1232 3442 peracto
1273 3393 1486 3446 cursu,
1531 3386 1591 3433 et
1622 3377 1786 3451 quasi
1819 3373 2037 3449 hymno
2076 3381 2347 3445 cantato,
2401 3371 2636 3429 tradere

413 3459 577 3514 nocti
608 3459 869 3531 sequenti
906 3473 1114 3513 munus
1146 3457 1428 3532 canendi,
1484 3469 1553 3517 ut
1592 3462 1678 3517 ita
1718 3461 1843 3516 sine
1878 3459 1999 3514 ulla
2038 3459 2468 3514 intermissione
2509 3457 2633 3513 dies

414 3549 474 3596 et
517 3550 715 3597 noctes
758 3541 923 3618 quasi
968 3537 1208 3597 choreas
1251 3542 1506 3616 ducant,
1559 3556 1618 3602 et
1656 3542 1846 3602 Deum
1886 3541 2155 3599 laudibus
2194 3543 2505 3599 celebrent.
2550 3569 2628 3584 ·-

411 3626 473 3681 4·
547 3638 633 3687 υΊ
681 3630 883 3687 5³72&-
903 3637 1007 3707 Ριξξι
1046 3621 1179 3683 Non
1217 3638 1307 3684 est
1346 3630 1463 3685 illis
1504 3647 1717 3701 sermo,
1762 3646 1868 3685 nec
1911 3624 2115 3700 verba,
2156 3644 2338 3702 neque
2376 3623 2632 3682 auditur

407 3728 529 3769 vox
583 3726 816 3783 eorum,
877 3712 919 3766 i.
960 3728 1009 3765 e.
1052 3712 1179 3767 sine
1226 3731 1489 3770 sermone
1530 3724 1590 3772 et
1636 3716 1788 3769 sine
1804 3712 2029 3779 verbis,
2086 3730 2205 3769 non
2249 3712 2448 3769 audita
2489 3725 2632 3767 vocs

409 3811 633 3864 eorum,
677 3795 741 3850 in
769 3794 1100 3850 universam
1131 3804 1346 3853 terram
1374 3800 1499 3854 exit
1530 3816 1709 3855 sonus
1742 3815 1941 3855 eorum
1979 3793 2113 3872 (Vs.
2142 3795 2262 3871 5.)·
2247 3839 2264 3871 ,
2313 3797 2467 3852 sive.
2506 3812 2633 3852 non

408 3882 695 3937 existente
734 3896 1034 3950 sermone,
1088 3889 1150 3935 et
1193 3898 1314 3936 non
1356 3884 1742 3940 existentibus
1785 3880 2011 3954 verbis,
2076 3900 2197 3939 non
2240 3879 2442 3939 audita
2486 3897 2634 3937 voce

407 3981 642 4037 eorum,
685 3964 841 4019 sicut
871 3961 1045 4021 Prov.
1077 3963 1180 4035 26,
1210 3966 1311 4021 2οὲ
1354 3966 1420 4022 in
1465 3986 1581 4024 non
1620 3967 1922 4023 existento
1963 3982 2323 4038 susurrone,
2368 3966 2411 4021 i.
2443 3983 2493 4020 c.
2527 3960 2634 4019 de-

403 4045 672 4121 ficiente,
725 4047 939 4122 absque
971 4065 1327 4121 susurrone,
1380 4060 1585 4110 cessat
1620 4050 1713 4107 lis.
1794 4051 1921 4109 Alii
1959 4051 2450 4128 interpretantur:
2492 4045 2633 4104 Non

406 4140 503 4187 est
546 4131 807 4204 dictum,
862 4139 925 4186 et
978 4149 1096 4187 non
1154 4142 1299 4190 sunt
1356 4151 1689 4207 sermones,
1749 4146 1996 4213 quorum
2038 4154 2153 4192 non
2195 4134 2445 4193 auditur
2485 4150 2631 4205 vos,

401 4216 445 4274 i.
479 4234 530 4272 e.
566 4217 713 4272 coeli
742 4215 1041 4272 institutio
1072 4225 1164 4273 est
1193 4219 1386 4292 clara,
1437 4229 1529 4278 est
1564 4222 1862 4278 intellectu
1893 4229 1951 4276 et
1981 4220 2182 4278 auditu
2217 4218 2446 4290 facilis,
2502 4235 2628 4275 vox

400 4300 699 4358 coelorum
742 4300 815 4358 ab
856 4299 1122 4367 omnibus
1178 4296 1410 4379 audiri,
1466 4322 1832 4391 eorumque
1836 4303 2012 4364 dicta
2054 4314 2118 4362 et
2171 4303 2496 4362 sententiae
2551 4301 2626 4359 ab

400 4382 669 4447 omnibus
705 4393 954 4462 possunt
992 4385 1270 4468 intelligi.
