2807 4913
373 279 527 358 528
803 245 807 252 '
1217 286 1340 356 Pe.
1386 282 1518 376 94,
1548 253 1642 352 Ᾰι.
1677 293 1752 357 ἀ.

370 472 589 532 tionem
628 489 890 547 omnem,
944 479 1015 531 ut
1051 470 1283 553 integra
1318 479 1699 532 conservetur
1735 481 2035 550 perpetuo.
2118 471 2259 561 ὑφ
2300 482 2608 551 sanctum,

370 557 431 618 h.
459 560 501 617 1.
537 559 886 618 inviolatum
911 568 972 616 et
1003 559 1288 634 intactum
1315 558 1636 662 significat,
1679 568 1740 617 et
1769 559 1927 637 quod
1962 559 2179 617 violari
2210 579 2334 620 non
2363 561 2560 620 debet.

1342 745 1463 806 P-flb
1516 745 1621 807 94.

543 860 701 922 Sunt
727 878 926 943 preces
953 860 1257 937 ardentes,
1296 871 1368 921 nt
1383 862 1560 921 *Dens
1591 862 1824 922 tandem
1859 860 2241 937 justissimam
2271 862 2600 925 vindictam

289 939 294 944 ’
368 960 536 1007 suam
565 956 799 1023 exserat
825 939 1104 1005 adversus
1127 965 1249 1020 eos,
1286 949 1389 1024 qni
1419 950 1697 1026 populum
1724 950 1847 1023 ejus
1868 956 1999 1005 tam
2033 949 2227 1023 imple,
2254 950 2600 1025 crudeliter,

366 1033 685 1090 insolenter
724 1041 1180 1108 persequantur,
1231 1041 1291 1090 et
1317 1034 1415 1107 jus
1447 1042 1508 1090 et
1527 1034 1821 1107 justitiam
1852 1033 2078 1090 omnem
2111 1033 2328 1090 tollant
2366 1043 2429 1092 et
2461 1054 2599 1111 per-

366 1126 603 1176 vertant
617 1155 638 1189 ‚
695 1113 765 1173 de
804 1134 922 1193 quo
961 1123 1023 1172 et
1058 1117 1469 1176 miserabiliter
1492 1120 1790 1195 queritur:
1850 1116 2071 1175 refutat
2099 1117 2277 1175 simul
2311 1118 2595 1194 prot-no·

369 1211 431 1260 et
469 1203 727 1258 minatur
761 1202 848 1258 eis
882 1202 1030 1259 iram
1069 1198 1218 1269 nen
1281 1219 1343 1264 se
1378 1219 1533 1270 vero,
1556 1212 1615 1261 et
1655 1204 1804 1262 alios
1843 1200 2117 1260 hortatur
2155 1202 2231 1259 ad
2271 1205 2595 1281 toleranter

365 1284 809 1362 exspectandam
839 1286 1123 1343 ultionem
1147 1283 1285 1360 Dei,
1323 1304 1497 1364 quam
1521 1288 1783 1359 invocat,
1813 1296 1872 1343 et
1901 1293 2062 1343 certo
2092 1286 2224 1342 istis
2256 1287 2594 1360 impendere

364 1371 671 1449 praedicit,
731 1371 862 1437 Qus
892 1370 1035 1445 ipsa
1046 1366 1226 1429 nixus
1254 1371 1707 1447 exspectatione,
1740 1379 1865 1429 tum
1890 1370 2067 1428 etiam
2100 1373 2592 1432 commentatione

367 1455 494 1531 opis
522 1463 831 1530 perpetuae
859 1452 1127 1527 divinae,
1177 1473 1353 1532 quam
1385 1465 1657 1548 expertus
1687 1457 1891 1529 sit‚e
1859 1464 1919 1514 et
1946 1473 2009 1511 se
2036 1462 2102 1510 et
2134 1456 2413 1530 populum
2443 1476 2589 1514 con-

365 1538 562 1599 firmet
604 1534 706 1618 (de
732 1556 796 1595 se
823 1540 981 1596 enim
1008 1557 1128 1596 uno
1158 1541 1455 1617 loquitur,
1512 1543 1643 1597 eu‘m
1672 1540 1873 1617 populi
1905 1555 2137 1598 causam
2174 1541 2349 1597 simul
2389 1539 2585 1620 agat),

253 1639 258 1646 ·
364 1623 636 1700 inprimis
676 1641 815 1680 vero
849 1624 1116 1695 justitiae
1145 1622 1294 1696 Dei,
1348 1626 1453 1701 qni
1491 1625 1577 1681 sic
1610 1625 1867 1697 judicet,
1932 1631 2000 1680 ut
2024 1641 2147 1681 non
2169 1624 2434 1699 patiatur
2460 1642 2587 1682 esse

361 1708 652 1785 impunita
694 1705 953 1772 facinora
994 1708 1304 1778 insolentis
1344 1718 1403 1766 et
1442 1709 1690 1766 crudelis
1736 1709 2073 1784 impietatis.
2136 1738 2209 1750 —
2269 1703 2581 1781 Davidem,

361 1793 460 1851 cui
504 1789 938 1850 Alexandrinus
980 1791 1270 1865 interpres
1322 1790 1481 1849 hunc
1526 1790 1816 1849 Psalmum
1868 1791 2179 1862 adscribit,
2244 1800 2348 1847 aut
2402 1792 2586 1849 alium

360 1874 650 1953 quendam
692 1871 1053 1952 singularem
1091 1875 1384 1933 hominem
1423 1875 1535 1933 hoc
1576 1877 1831 1933 carmine
1869 1873 1939 1932 de
1978 1875 2103 1932 suis
2141 1874 2395 1930 miseriis
2437 1893 2586 1932 con—

360 1960 531 2036 queri
562 1976 677 2034 quo
707 1959 900 2030 minus
933 1957 1302 2033 statuamus,
1331 1970 1536 2019 vetant
1566 1959 1780 2017 Versus
1815 1956 1872 2017 6.
1903 1966 1963 2015 et
1994 1959 2126 2031 14„
2173 1959 2273 2034 qui
2302 1961 2584 2034 populum

357 2042 697 2102 universum
729 2041 800 2100 ab
812 2041 1106 2141 ’improbis
1135 2055 1410 2103 vexatum
1442 2052 1503 2101 et
1526 2042 1821 2102 adflictum
1848 2043 2099 2110 sistunt3
2138 2052 2199 2099 et
2226 2039 2582 2102 describitur

229 2163 237 2171 ·
357 2129 654 2208 grassatio
688 2128 999 2202 impiorum
1029 2130 1288 2187 violenta
1319 2139 1377 2187 et
1409 2129 1672 2205 publica,
1729 2146 1913 2205 usque
1945 2124 2020 2183 ad
2053 2145 2226 2184 neces
2257 2134 2317 2183 et
2349 2125 2578 2199 caedes,

356 2213 525 2270 nulla
568 2220 796 2283 status,
856 2229 1032 2270 sexus
1071 2223 1134 2271 et
1168 2203 1381 2272 aetatis
1421 2212 1621 2271 habita
1659 2214 1892 2271 ratione
1920 2209 2060 2286 ·.(Vs
2095 2210 2153 2268 ὃ.
2180 2209 2288 2287 6..)
2375 2208 2580 2292 infligi

355 2293 501 2354 haec
538 2297 785 2355 vulnera
824 2297 1037 2375 populo
1081 2316 1118 2355 a
1154 2281 1593 2378 magistratibus
1636 2298 1855 2375 iniquis
1900 2306 1960 2354 et
1999 2295 2361 2373 tyrannicis,
2419 2293 2579 2353 haud

355 2382 600 2442 obscure
630 2381 827 2438 innuit
852 2378 948 2438 Vs.
975 2382 1076 2439 20.
1138 2381 1272 2440 Pati
1298 2383 1545 2461 denique
1570 2380 1712 2440 haec
1740 2384 1938 2438 omnia
1964 2383 2239 2456 populum
2264 2379 2577 2455 religionis

355 2476 417 2525 et
458 2466 693 2542 pietatis
733 2481 907 2522 causa
948 2466 1156 2565 colligi
1196 2478 1386 2544 potest
1424 2485 1498 2526 ex
1530 2465 1752 2547 populi
1792 2464 2264 2543 hereditatisque
2302 2461 2461 2535 Ποῖ,
2507 2474 2570 2523 et

340 2548 658 2623 justorum
698 2548 872 2626 atque
905 2551 1222 2628 sanguinis
1252 2552 1496 2610 innocui
1535 2553 1749 2624 titulis,
1790 2551 2001 2627 quibus
2032 2549 2255 2609 adflicti
2285 2558 2345 2605 et
2374 2546 2577 2607 'vexati

350 2635 567 2711 passim
604 2634 1027 2711 insigniuntur.
1110 2637 1270 2704 Quae
1299 2638 1496 2695 omnia
1529 2636 1784 2712 apprime
1821 2643 2156 2713 congruunt
2189 2632 2337 2691 diris
2377 2644 2437 2690 et
2475 2632 2574 2693 fu-

352 2720 537 2776 nestis
579 2717 874 2790 cladibus,
933 2737 1077 2794 quas
1105 2717 1383 2779 Antiochi
1413 2719 1734 2803 Epiphanis
1769 2737 1942 2777 saeva
1972 2720 2261 2796 impiaque
2295 2720 2572 2793 tyrannis

350 2803 565 2879 populo
590 2799 833 2860 Judaico
859 2805 1078 2863 attulit
1155 2804 1503 2882 Babylonici
1528 2804 1696 2861 exilii
1723 2804 1993 2877 miseriis,
2029 2804 2097 2861 de
2125 2803 2333 2880 quibus
2364 2801 2571 2861 forsan

283 2918 324 2932 „
350 2888 613 2987 cogitare
650 2887 863 2963 aliquis
898 2889 1116 2963 possit,
1171 2889 1432 2947 Psalmus
1461 2889 1655 2945 minus
1682 2889 1992 2945 convenire
2019 2887 2276 2946 videtur.
2362 2884 2570 2963 Neque

349 2973 505 3028 enim
541 2966 787 3045 dispersi
825 2981 930 3029 aut
964 2972 1251 3049 deportati
1289 2973 1494 3057 populi
1535 2972 1720 3029 ullum
1761 2973 1826 3028 in
1865 2991 1934 3029 eo
1976 2971 2257 3039 indicium
2300 2982 2565 3048 apparet,

345 3073 531 3131 neque
560 3052 834 3114 Chaldaei
864 3056 1171 3137 religionis
1201 3077 1377 3117 causa
1407 3058 1682 3137 populum
1714 3048 2026 3114 Judaicum
2061 3063 2471 3133 oppresserunt
2502 3063 2567 3112 et

344 3147 698 3198 everterunt.

519 3240 574 3298 1.
656 3242 859 3342 niz-³12³
904 3235 992 3321 bes,
1029 3239 1197 3302 Deus
1236 3243 1557 3316 ultionum,
1617 3243 1660 3300 i.
1700 3262 1750 3301 e.
1785 3241 1947 3300 Deus
1989 3242 2180 3314 ultor,
2233 3235 2453 3298 vindex
2484 3249 2563 3299 et

340 3323 582 3402 punitor
613 3327 801 3382 omnis
833 3328 1163 3402 impietatis.
1215 3330 1412 3409 {min
1441 3322 1723 3404 Adfulge,
1749 3326 1958 3401 praebe
1984 3336 2042 3386 te
2060 3324 2560 3411 conspiciendum,

339 3410 527 3489 specie
567 3410 820 3481 illustri,
867 3429 1068 3469 exsere
1100 3418 1274 3489 atque
1315 3412 1552 3470 ostende
1580 3412 1874 3491 justitiam
1911 3421 1970 3470 et
2007 3413 2333 3489 potentiam
2377 3418 2557 3467 tuam.

210 3504 215 3511 '
337 3492 448 3551 Est
479 3490 893 3569 imperativus,
950 3505 1018 3554 ut
1056 3498 1157 3568 80,
1185 3498 1244 3573 2.
1330 3495 1446 3555 Sed
1481 3496 1915 3554 Alexandrinus
1948 3514 2056 3573 pro
2089 3495 2414 3553 Praeterito
2453 3490 2558 3573 (ut

334 3574 511 3636 Dent.
538 3577 641 3651 33,
670 3580 752 3635 2.
772 3577 864 3637 Ps.
891 3579 994 3653 50,
1024 3575 1111 3658 2.)
1145 3568 1386 3657 aceepit,
1432 3589 1491 3638 et
1523 3576 2012 3663 ἐπαρῥησιάσατρ
2045 3578 2368 3651 transtulit,
2397 3577 2558 3654 quod

331 3659 626 3741 vulgatus
665 3661 839 3719 libere
881 3664 1007 3742 egit
1041 3662 1332 3738 reddidit,
1378 3664 1494 3738 „id
1525 3674 1634 3738 est,
1675 3677 1949 3743 tanquam
1981 3680 2216 3723 severus
2246 3662 2559 3738 justusque

324 3746 510 3819 judex
541 3747 919 3805 scelestorum
952 3747 1185 3805 occulta
1214 3749 1460 3806 crimina
1488 3746 1740 3822 detexit,
1796 3760 1856 3809 et
1887 3753 1950 3809 in
1981 3756 2246 3824 apertum
2282 3748 2553 3823 protulit,

329 3847 579 3907 reosque
619 3831 893 3888 convicit.
976 3828 1229 3890 Hebraei
1267 3832 1340 3890 ad
1381 3833 1615 3891 modum
1658 3837 1883 3893 orantis
1923 3834 2261 3909 accipiunt.
2296 3847 2550 3908 appare,

241 3910 245 3914 Α
326 3910 721 3987 manifestare,
764 3923 1040 3990 tanquam
1068 3917 1161 3973 sol
1189 3918 1495 3991 exoriens,
1537 3915 1740 3998 detege
1767 3921 2078 3994 implorum
2113 3917 2349 4010 scelera,
2389 3915 2550 3974 unde

327 3996 544 4074 Aquila
571 3996 778 4056 reddit
806 3994 1172 4080 ἐπιφάνηθι,
1212 4005 1485 4081 appare.⁴
1465 4002 1507 4036 ‘⁶
1546 4002 1880 4062 Asamus.

495 4097 557 4159 2.
641 4100 768 4159 &⁶02
750 4106 850 4186 η
867 4092 1041 4175 Effer
1084 4109 1177 4174 te,
1234 4119 1517 4182 exsurge,
1575 4101 1646 4160 de
1683 4116 2003 4162 conscensu
2047 4100 2122 4157 ad
2152 4100 2409 4158 tribunal
2449 4100 2547 4156 in-

326 4165 791 4256 terpretandum,
846 4201 993 4260 quae
1021 4184 1270 4244 editiora
1303 4203 1428 4242 esse
1466 4187 1684 4259 solent,
1740 4205 1798 4263 q·
1830 4187 1886 4245 d.
1923 4182 2245 4244 conscende
2282 4184 2547 4241 tribunal

322 4262 567 4322 sublime
594 4274 793 4338 tuum,
850 4275 914 4324 et
952 4268 1199 4345 repende
1236 4268 1493 4346 superbis
1536 4278 1598 4327 et
1630 4270 1908 4332 violentis
1945 4272 2066 4330 illis
2096 4267 2253 4348 quod
2280 4277 2544 4326 meretur

318 4346 602 4427 superbia
627 4350 906 4426 ipsorum.
