2807 4913
942 296 1070 365 Ρ..
1111 289 1276 381 1³9,
1340 290 1680 362 ιιι-..8.
1743 255 1801 393 j
2197 392 2202 401 ι
2271 296 2419 375 677,

201 474 615 558 expresserunt
644 478 901 579 negandi
927 479 1309 553 particulam,
1355 480 1471 536 etsi
1498 486 1754 539 ceterum
1783 478 1847 538 in
1879 477 2050 554 hujus
2076 477 2343 542 Versus·
2321 506 2417 545 m..

203 566 619 641 terpretatione
651 565 805 621 inter
832 581 893 619 se
922 565 1153 622 diversi.
1198 561 1486 622 Attulisse
1519 564 1574 621 Ιι.
1594 565 1634 620 Ι.
1663 562 1909 625 sufficiat
1936 566 2415 645 Alexandrinum,

199 653 303 728 qui
333 652 419 706 sic
447 647 731 706 reddidit.
774 641 1241 726 Ἀκατέργαστόν
1280 671 1428 724 μου
1445 643 1614 710 εἶδον
1655 648 1721 708 οἱ
1760 641 2082 725 ὀφθαλμοί
2119 674 2270 725 σου,
2309 657 2415 720 καὶ
2501 695 2505 703 »

194 733 301 798 ἐπὶ
341 725 410 794 τὸ
453 728 634 815 fiam!
631 754 700 793 ον
742 753 857 793 σου
892 728 1115 803 πάντες
1150 727 1604 812 γραφήσονται·
1666 728 1897 808 ἡμέρας
1940 729 2410 811 πλασθῆσονται

193 842 299 881 και
332 813 523 888 offla.-
556 819 623 880 ἐν
653 815 882 890 αὐτοῖς,
927 818 1082 917 quod
1110 829 1386 895 sequutus
1417 817 1735 897 Vulgatus:
1774 819 2187 896 imperfectum
2218 841 2402 883 meum

194 903 473 963 viderunt
512 903 668 960 oculi
706 902 831 976 tui,
878 911 941 960 et
985 904 1050 959 in
1093 897 1250 960 libro
1297 910 1400 959 tuo
1444 919 1635 960 omnes
1678 901 2039 978 scribentur,
2096 906 2225 963 dies
2244 907 2401 981 for-

192 987 526 1061 mabuntur,
573 995 635 1043 st
673 1000 835 1044 nemo
877 989 943 1043 in
985 986 1098 1043 eis.
1182 987 1463 1060 „Quibus
1495 989 1559 1043 in
1588 987 1846 1058 verbis,
1857 989 2049 1065 inquit
2073 991 2433 1095 Ααιζιιιυει,

192 1072 290 1132 hic
328 1072 468 1129 mihi
506 1089 708 1128 sensus
742 1090 866 1128 esse
896 1072 1158 1130 videtur·
1205 1070 1628 1148 imperfectum
1668 1088 1881 1143 meum,
1939 1075 1979 1128 i.
2014 1092 2061 1129 e.
2103 1094 2192 1132 me
2232 1081 2433 1153 quasi

189 1157 446 1216 nondum
475 1154 549 1214 ad
579 1174 720 1231 opus
757 1157 1139 1230 perductum,
1190 1175 1281 1214 me
1311 1153 1497 1212 adhuc
1526 1153 1728 1212 rudem
1766 1156 2048 1213 viderunt
2085 1160 2242 1216 oculi
2284 1164 2399 1235 tui,

154 1268 161 1275 2
191 1259 297 1300 nec
321 1243 552 1310 mirum,
590 1257 765 1316 quum
791 1240 855 1295 in
887 1240 1038 1296 libro
1072 1249 1174 1296 tuo
1202 1257 1395 1298 omnes
1431 1236 1691 1297 homines
1723 1238 2093 1317 scribantur,
2136 1248 2398 1319 quamvis

184 1345 292 1402 per
326 1327 521 1402 plures
551 1325 673 1382 dies
701 1323 990 1382 formandi
1023 1324 1208 1382 adhuc
1236 1326 1376 1396 sint,
1420 1332 1482 1380 et
1524 1342 1684 1381 nemo
1723 1324 1789 1381 in
1830 1325 1935 1398 eis,
1977 1323 2036 1384 h.
2066 1347 2113 1383 e.
2144 1346 2217 1384 ne
2242 1342 2394 1387 unus

183 1409 415 1486 quidem
446 1412 508 1466 in
539 1410 622 1465 eis
654 1406 1073 1484 omnibu‘sbest,
1129 1411 1230 1485 qui
1270 1427 1392 1466 uon
1434 1410 1516 1465 sit
1552 1410 1840 1484 scriptus,
1886 1410 2171 1490 intellige.
2258 1410 2432 1473 Vult,

181 1508 375 1552 autem
430 1494 723 1562 indicare,
789 1493 1099 1567 perfectam
1151 1493 1452 1551 hominum
1501 1494 1652 1569 apud
1700 1492 1893 1551 Deum
1940 1512 2064 1551 esse
2105 1496 2426 1570 notitiam„

181 1579 446 1657 quamvis
483 1577 670 1636 adhuc
703 1576 798 1634 illi
830 1577 1072 1653 perfecti
1105 1597 1225 1635 non
1256 1580 1411 1650 sint,
1450 1588 1508 1635 et
1541 1579 1860 1653 explicatas
1888 1578 2041 1654 apud
2069 1580 2237 1637 illum
2269 1599 2395 1639 esse

186 1665 444 1720 omnium
473 1663 748 1719 rationes.
791 1662 908 1719 Aut
932 1664 1021 1719 sic
1046 1664 1220 1721 etiam
1251 1664 1438 1763 possit
1465 1662 1758 1743 intelligi:
1792 1664 1858 1719 in
1885 1664 2038 1721 libro
2064 1672 2167 1720 tuo
2197 1683 2396 1725 omnes

184 1746 448 1804 homines
480 1746 838 1818 scribuntur,
892 1756 1184 1825 tamquam
1219 1750 1272 1804 si
1301 1748 1421 1820 jam
1452 1746 1691 1804 formati
1726 1756 1952 1822 essent,
1996 1767 2172 1824 quum
2201 1757 2395 1807 tamen

184 1834 381 1908 plures
436 1828 558 1889 dies
608 1831 685 1888 ad
732 1848 934 1891 eorum
972 1831 1380 1891 formationem
1423 1833 1546 1890 sint
1585 1832 1934 1906 necessarii,
1999 1842 2062 1890 et
2109 1851 2186 1931 ne
2241 1851 2391 1892 unus

188 1915 419 2010 quidem
458 1933 538 1973 ex
572 1916 657 1973 eis
696 1916 841 1972 sit.“

359 2044 456 2101 17.
539 2039 731 2100 Verba
775 2049 941 2130 ’φθῆ
982 2050 1328 2141 ’τῆρ’-ΓΜ
1378 2039 1485 2145 ³235
1533 2046 1725 2120 plures
1769 2045 1857 2102 sic
1896 2045 2388 2121 interpretantur.

189 2125 396 2206 itaque
432 2125 576 2184 mihi
616 2145 789 2207 quam
822 2111 1134 2204 pretiosae
1171 2139 1310 2186 sunt
1349 2109 1743 2207 cognationes
1781 2137 1951 2209 tuae,
1991 2130 2030 2185 i.
2058 2149 2105 2187 e.
2147 2132 2393 2188 consilia

190 2220 329 2285 tua,
384 2230 529 2290 quae
571 2215 635 2269 in
671 2212 764 2270 his
805 2212 1124 2285 sapientiae
1162 2223 1295 2269 tuae
1336 2212 1732 2284 documentis,
1788 2206 1958 2289 quale
2003 2222 2092 2270 est
2132 2216 2393 2289 corporis

186 2294 426 2355 humani
472 2297 799 2372 opificium,
854 2293 995 2352 adeo
1038 2297 1360 2354 luculenter
1397 2308 1535 2356 sunt
1578 2298 1919 2373 conspicua,
1963 2314 2150 2375 quam
2193 2300 2395 2376 magni

187 2384 599 2453 aestimantur,
671 2399 844 2458 quam
899 2378 1142 2439 eximia!
1240 2380 1355 2440 Sed
1408 2385 1626 2439 rectius
1680 2392 2007 2476 ηἿΡῆ-Γῐλπ
2065 2383 2395 2455 explicatur

189 2484 363 2547 quam
401 2463 677 2540 difficiles
720 2472 860 2524 sunt
904 2463 977 2522 ad
1012 2467 1479 2546 investigandum
1516 2487 1584 2525 ac
1619 2440 2073 2543 percipiendum,
2127 2469 2255 2543 oapi
2293 2486 2394 2525 ne-

188 2561 425 2629 queunt,
467 2552 600 2609 coll.
625 2550 775 2608 Dan.
795 2551 858 2621 2,
882 2552 978 2609 11.
1022 2559 1226 2648 n⁸5³P³
1267 2547 1449 2614 &177272
1485 2572 1583 2611 res
1616 2552 1739 2624 illa,
1776 2570 1947 2628 quam
1977 2571 2083 2612 rex
2117 2553 2394 2650 postulat,

186 2646 279 2694 est
315 2638 555 2693 nimium
595 2636 844 2713 gravis,
903 2655 950 2693 s.
1007 2616 1294 2712 difficilis.
1333 2617 1546 2705 Quod
1591 2638 1742 2695 enim
1790 2654 1935 2712 quae
1982 2636 2203 2712 gravia
2256 2644 2393 2694 sunt

187 2718 488 2778 difficulter
537 2723 898 2778 sustinentur
948 2729 1010 2778 et
1061 2729 1403 2799 portantur,
1474 2721 1613 2780 hinc
1655 2727 1715 2778 et
1763 2715 2038 2793 difficilia
2088 2721 2393 2786 denotant.

186 2803 402 2863 Eadem
441 2808 728 2863 sententia
766 2806 870 2878 92,
899 2806 961 2862 6.
1006 2818 1166 2896 ψη»
1207 2809 1337 2867 '1872
1378 2806 1548 2863 valde
1579 2802 1931 2886 profundae
1973 2813 2115 2863 sunt
2156 2803 2392 2883 cogita-

164 2889 385 2970 ⁸tiones
441 2899 600 2946 tuae.
685 2888 911 2949 Nomen
952 2897 1147 2972 ῦκιζῆ,
1216 2871 1370 2967 quod
1414 2910 1524 2949 nos
1568 2891 1765 2950 eadem
1815 2907 1929 2966 qua
1981 2907 2157 2966 supra
2196 2886 2366 2946 Vs.2

128 3015 133 3034 .
185 2973 614 3051 significatione
650 2976 987 3051 capiendum
1028 2993 1362 3049 censemus,
1406 2985 1630 3034 veteres
1669 2975 2015 3047 interpretes
2047 2991 2242 3031 omnes
2278 2971 2396 3030 fre-

186 3061 491 3134 quentiore
519 3060 835 3132 sociorum,
872 3061 1196 3116 amicorum
1229 3062 1472 3119 notione
1504 3069 1797 3137 oeperunt,
1835 3058 1943 3115 hoc
1959 3076 2177 3118 sensu:
2221 3075 2394 3134 quam
2451 3091 2456 3098 =

187 3143 327 3198 cari
364 3141 510 3200 milui
547 3152 720 3217 sunt,
766 3162 799 3199 o
842 3142 1040 3216 Deus,
1076 3145 1256 3202 amici
1297 3145 1432 3201 tui!
1507 3143 1702 3204 Minus
1731 3142 1873 3200 bene
1906 3152 2097 3200 tamen
2131 3143 2215 3198 ita
2245 3160 2394 3218 qua-
2449 3175 2452 3176 ν

184 3226 392 3301 drant,
450 3247 596 3305 quae
636 3229 705 3286 de
748 3230 926 3307 copia
965 3232 1243 3305 proxime
1270 3241 1626 3308 sequuntur,
1697 3230 1880 3285 altero
1920 3223 2286 3284 hemistichio
2334 3235 2395 3283 et

186 3307 375 3370 Versu
410 3323 715 3388 sequente3
773 3316 917 3370 satis
948 3332 1084 3371 vero
1118 3315 1326 3371 idonea
1361 3324 1520 3388 sunt,
1563 3315 1617 3371 si
1653 3313 1723 3369 de
1762 3310 1976 3369 divinis
2019 3312 2280 3369 consiliis
2322 3327 2391 3367 ac
2427 3359 2432 3364 ,

187 3398 515 3454 rationibus
559 3399 986 3478 intelliguntur.
1072 3398 1342 3487 ΏῆἽιζρΝἾ
1391 3406 1733 3490 augy-277³
1779 3395 1971 3465 Quam
2010 3394 2392 3452 invaluerunt

184 3499 440 3539 summae
480 3482 717 3538 eorum!
763 3485 802 3539 i.
831 3502 882 3539 e.
917 3502 1086 3559 quam
1119 3465 1300 3539 multa
1331 3494 1478 3539 sunt
1498 3462 1753 3559 cogitata
1782 3479 1910 3537 tua!
1974 3477 2225 3537 Verbum
2258 3485 2396 3565 ῦιζξ

181 3564 418 3623 validus
444 3564 610 3639 fuit,
654 3568 884 3640 saepius
914 3565 984 3623 de
1009 3584 1218 3646 magna
1250 3570 1417 3642 copia
1445 3567 1680 3636 dicitur,
1720 3574 1788 3622 ut
1818 3565 1926 3639 40,
1942 3565 2037 3621 13.
2077 3563 2193 3623 Jer.
2214 3559 2312 3633 15,
2334 3542 2396 3619 8.

185 3680 271 3693 --
317 3651 460 3714 ιύᾶἻ
501 3647 773 3723 Summa,
833 3659 901 3707 ut
936 3650 1047 3708 Ex
1075 3653 1178 3723 30,
1209 3651 1305 3710 10.
1353 3650 1526 3709 Num
1559 3649 1701 3721 12.
1751 3651 1825 3721 4,
1858 3650 2088 3721 2.22.,
2147 3648 2207 3705 Ιι.
2241 3648 2280 3702 1.
2325 3661 2408 3700 ea·

186 3735 619 3814 significatione
654 3744 880 3810 praeter
911 3754 1129 3792 morem
1162 3736 1224 3792 in
1256 3734 1653 3792 multitudinis
1688 3725 1930 3791 nume'ro
1967 3741 2282 3808 usurpatur
2321 3728 2395 3785 ad

189 3819 621 3893 exprimendam
646 3821 873 3896 copiam
903 3818 1149 3879 infinitis
1182 3819 1349 3897 quasi
1376 3820 1660 3876 librorum
1691 3818 1854 3876 foliis
1883 3815 2284 3896 colligendam.

373 3946 472 4003 18.
532 3954 753 4033 unam}
780 3943 1109 4003 Numer-abo
1136 3964 1229 4020 ea,
1262 3949 1304 4005 i.
1333 3967 1385 4005 e.
1414 3948 1488 4003 si
1500 3963 1570 4003 ea
1596 3965 1979 4017 numerarem,
2006 3938 2400 4006 subaudienda

193 4029 475 4105 particula
503 4008 917 4089 conditionalis
947 4035 1065 4109 ΠΝ,
1103 4041 1171 4088 ut
1198 4033 1425 4104 39,12.
1470 4015 1577 4103 40,
1608 4033 1668 4087 6.
1704 4034 1810 4104 91,
1844 4034 1939 4087 17.
1990 4031 2131 4099 104,
2159 4027 2263 4086 28.
2292 4025 2398 4098 29.

194 4115 300 4172 32.
358 4143 428 4155 -—
498 4125 675 4206 3³:5¹3
723 4113 886 4194 bima
930 4110 1089 4171 Pme
1127 4133 1316 4173 arena
1354 4125 1536 4173 erunt
1574 4118 1876 4188 multa,=
1857 4157 1864 4163 «
1881 4120 2167 4183 .essent,
2212 4111 2400 4186 ipsam

158 4247 167 4252 ι,
196 4215 433 4256 arenam
475 4201 652 4256 maris
696 4218 803 4257 sua
844 4198 1216 4257 multitudine
1257 4219 1326 4258 ac
1364 4202 1654 4258 varietate
1694 4207 2067 4276 superarent,
2129 4196 2199 4252 cf.
2241 4195 2391 4254 Gen.

197 4284 307 4353 22,
334 4282 578 4346 mles
612 4285 709 4356 ιιι,
734 4285 837 4340 22.
877 4280 1006 4340 lob.
1038 4287 1099 4355 6,
1123 4287 1180 4342 3.
1225 4287 1331 4358 26,
1362 4286 1458 4352 14.
1518 4316 1603 4330 --
1651 4296 1786 4373 :3⁷³⁹
1830 4287 1997 4374 *Tum
2044 4284 2302 4372 ιηἰτιρή
2331 4276 2404 4337 Si

203 4366 589 4447 evigilavero,
641 4378 762 4429 tum
804 4366 997 4429 adhuc
1039 4387 1154 4449 ugo
1198 4378 1410 4442 tecum,
1450 4349 1831 4429 meditatione
1861 4347 1997 4427 mea⁸
2018 4368 2083 4426 in
2115 4314 2302 4462 istam’
2317 4379 2414 4419 sa-

2471 3895 2478 3922 Ι
