2807 4913
964 295 1087 363 Ps.
1135 286 1257 380 50,
1319 291 1662 386 14—17.
2041 351 2046 358 .
2132 315 2136 320 ·
2271 290 2425 366 329
2522 389 2525 400 Δ

209 484 408 560 plures
447 481 612 570 ”Tm
642 486 854 558 putant
884 497 991 556 pro
1033 480 1256 568 ΠῚἿΠΠ
1294 486 1420 564 ”3¹5-
1457 477 1773 552 sacrificio
1809 474 2236 553 eucharistico,
2280 479 2421 540 Lev-

217 572 281 640 7,
318 568 448 639 12.,
494 568 783 642 positum,
825 565 992 641 quasi
1028 566 1301 640 respiciat
1342 573 1504 620 vates
1548 557 1849 641 ‘praecepta
1888 563 2013 620 illic
2054 566 2418 645 consignata.

212 653 377 720 Quae
406 651 691 708 sententia
721 659 912 707 tamen
947 649 1222 707 carminis
1254 667 1429 723 scopo
1470 649 1637 722 plane
1674 648 1971 706 adversari
1999 647 2267 720 videtur,-
2317 652 2421 726 qui

211 733 329 795 hoc
363 737 558 808 potius
592 753 629 792 a
659 732 819 806 Deo,
861 734 963 810 qui
994 736 1232 810 loquens
1268 732 1696 805 introducitur,
1744 733 1859 791 dici
1899 732 2132 790 suadet:
2189 743 2447 807 praesta·

212 819 362 879 mihi
386 818 646 893 laudem,
692 821 1014 899 gratiarum
1043 819 1367 886 actionem,
1407 819 1831 874 invocationem
1857 816 2116 889 fidelem,
2152 816 2264 873 h'oc
2303 821 2421 876 erit

209 904 361 963 mihi
387 902 769 977 sacrificium,
814 901 926 959 hoc
949 902 1167 960 habebo
1195 900 1470 959 sacrificii
1501 902 1665 973 loco,
1711 901 1865 979 quod
1896 910 1983 958 est
2010 902 2202 959 cordis
2233 904 2420 959 sacri-

211 988 442 1060 ficium,
484 997 543 1044 et
574 988 857 1063 propheta
895 983 1060 1066 (Hos.
1093 988 1189 1058 14,
1219 982 1304 1064 3.)
1341 985 1556 1043 vitulos
1597 984 1881 1044 labiorum
1922 973 2114 1043 vocat.
2198 983 2287 1043 Cf.
2321 984 2416 1044 Ps.

215 1074 322 1145 69,
349 1075 447 1130 31.
469 1073 569 1129 32.
627 1073 749 1131 Nec
774 1074 944 1131 aliter
971 1071 1348 1151 intelligenda
1377 1088 1524 1146 quae
1551 1071 1964 1144 subjiciuntur:
2006 1064 2211 1151 ῖῆἱέῧέ
2251 1066 2418 1150 Dbjzj'v

215 1165 405 1242 ’.Τ-Ὡς
452 1165 515 1213 et
544 1157 821 1236 persolve
864 1164 1009 1215 vota
1049 1165 1159 1212 tua
1190 1154 1521 1213 Altiseimo.
1603 1155 1684 1213 Et
1723 1154 1817 1212 hic
1858 1155 2050 1230 plures
2081 1133 2422 1233 intelligunt

214 1233 535 1314 sacrificia
571 1259 651 1299 ex
693 1252 830 1299 voto
875 1249 1138 1317 suscepta
1181 1236 1394 1320 (Levit.
1425 1241 1485 1312 7,
1516 1234 1668 1317 16.).
1752 1238 1869 1298 Sed
1907 1246 2014 1295 no's
2056 1237 2207 1296 haud
2249 1239 2420 1298 dubi-

214 1331 405 1383 tamus
451 1344 576 1383 esse
619 1324 762 1384 haec
809 1319 1193 1404 σαφηνισμὸν
1232 1343 1432 1382 eorum
1477 1342 1621 1401 quae
1666 1332 2132 1401 praecesserunt,
2187 1332 2255 1380 ut
2299 1325 2422 1382 sint

213 1419 362 1468 vota
392 1409 592 1469 laudes
621 1420 680 1467 et
709 1413 1037 1490 gratiarum
1068 1410 1326 1467 actiones
1357 1427 1434 1466 ex
1462 1411 1656 1466 animo
1683 1428 1817 1467 vere
1847 1408 1944 1483 pio
1977 1406 2282 1482 profectae.

390 1525 486 1583 15.
558 1527 728 1595 Quod
756 1546 877 1586 non
906 1537 1024 1584 tam
1055 1524 1361 1596 sacrificia,
1403 1525 1504 1582 sed
1528 1526 1724 1601 potius
1755 1540 1952 1597 preces
1983 1522 2196 1581 fiducia
2223 1511 2421 1599 plenas

215 1620 279 1672 et
323 1611 452 1688 pias
495 1614 818 1690 gratiarum
858 1614 1115 1669 actiones
1157 1617 1360 1689 poscat
1401 1605 1601 1683 Deus,
1669 1608 1943 1667 disertius
1983 1609 2260 1683 exprimit
2306 1606 2421 1665 hoc

214 1693 438 1754 Versu:
491 1692 717 1777 Inpoca
758 1715 881 1770 me,
927 1704 1205 1772 tanquam
1232 1692 1418 1750 Deum
1450 1703 1614 1751 tuum
1652 1704 1711 1753 et
1741 1703 2130 1765 servatorem,
2173 1692 2268 1752 dio
2313 1710 2422 1749 an·-

213 1781 495 1857 gustiae,
544 1789 667 1837 tum
698 1784 852 1839 enim
887 1781 1138 1860 eripiam
1179 1788 1276 1850 te,
1323 1786 1387 1834 et
1420 1775 1739 1837 honorabis
1778 1795 1894 1850 me,
1936 1778 1979 1835 i.
2006 1798 2055 1835 e.
2090 1786 2159 1835 ut
2190 1795 2422 1834 causam

214 1864 429 1923 habeas
474 1884 565 1922 me
613 1867 939 1924 celebrandi
990 1875 1050 1942 et
1099 1859 1322 1943 gratias
1369 1862 1514 1920 mihi
1554 1866 1802 1944 agendi3
1872 1861 1948 1920 cf.
1990 1861 2143 1920 infra
2184 1860 2280 1919 Vs.
2312 1862 2419 1920 23.

213 1946 544 2007 Honorare
584 1949 774 2030 (5322)
814 1948 1004 2008 Deum
1029 1952 1216 2021 valet,
1258 1967 1390 2005 eum
1421 1949 1684 2007 laudibus
1716 1969 1824 2027 pro
1852 1949 2100 2025 acceptis
2128 1947 2423 2009 beneficiis

216 2035 530 2108 celebrare,
569 2043 637 2092 ut
669 2035 824 2093 infra
859 2037 961 2109 89,
987 2033 1045 2093 6.
1087 2034 1199 2094 Jes.
1225 2035 1330 2106 43,
1359 2035 1464 2090 20.

393 2146 492 2203 16.
573 2144 818 2203 Peracta
845 2144 935 2218 obj
943 2144 1247 2221 urgatione
1275 2160 1476 2200 eorum
1492 2181 1512 2212 ,
1555 2141 1657 2219 qui
1681 2141 1969 2201 sacrificia
1994 2141 2224 2218 quidem
2250 2140 2427 2203 offer·
2468 2185 2479 2190 -

216 2241 386 2303 rent,
440 2229 541 2287 sed
575 2248 695 2287 non
727 2230 1122 2308 intelligerent
1149 2247 1309 2301 rem,
1363 2235 1424 2284 et
1461 2236 1763 2303 putarent,
1819 2244 1880 2284 se
1918 2226 2045 2286 Deo
2085 2228 2426 2289 beneficium

217 2315 493 2375 exhibere
533 2313 947 2386 sacrificando,
1019 2321 1078 2370 et
1121 2328 1294 2384 opere
1338 2321 1578 2383 operato
1625 2321 1865 2386 peccata
1901 2312 2131 2385 eluere,
2192 2314 2265 2370 in
2304 2331 2424 2387 quo
2474 2327 2479 2382 ζ

219 2419 431 2483 genere
453 2397 675 2477 aliquid
703 2409 895 2455 tamen
923 2396 1113 2456 adhuc
1137 2398 1369 2474 pietatis
1400 2405 1522 2470 est,
1566 2404 1625 2453 et
1654 2396 1787 2472 plus
1817 2397 2054 2470 erroris,
2093 2415 2264 2474 quam
2293 2399 2425 2454 cul-

219 2501 367 2564 pae3
407 2486 525 2559 jam
554 2484 629 2542 ad
659 2482 819 2541 aliud
846 2481 1140 2542 hominum
1175 2480 1357 2560 gemis
1391 2482 1786 2554 convertitur,
1826 2483 2137 2557 impiorum
2163 2500 2426 2558 prorsus,

222 2571 329 2648 qui
371 2588 545 2645 quum
592 2588 663 2626 ne
708 2576 911 2625 curent
955 2568 1185 2645 quidem
1224 2563 1446 2638 Deum,
1515 2575 1575 2623 et
1626 2567 1807 2624 vitam
1862 2565 2079 2646 degant
2126 2567 2426 2626 facinoro-

219 2672 364 2712 sam
391 2663 451 2712 et
492 2671 853 2729 perversam,
917 2662 1111 2715 tamen
1142 2653 1296 2730 leges
1330 2652 1558 2709 divinas
1591 2669 1810 2725 semper
1850 2652 2017 2727 pleno
2051 2669 2150 2710 ore
2181 2652 2427 2725 jactant.

221 2750 345 2831 ἛΠ
377 2769 454 2781 -
488 2734 697 2799 Μύῆξῖ
731 2733 1005 2814 Improbe
1035 2743 1234 2794 autem
1259 2734 1416 2792 dicit
1442 2733 1646 2792 Deus:
1684 2735 1830 2811 quid
1860 2735 1944 2793 ad
1971 2745 2052 2808 te,
2082 2745 2152 2793 ut
2176 2753 2429 2794 enarres

133 2856 152 2865 =
222 2802 470 2883 statuta
509 2800 696 2880 πῖοἷιῖ
747 2840 923 2899 quare
957 2814 1019 2879 tu
1051 2822 1400 2877 cerimonias
1435 2838 1590 2878 meas
1619 2816 1941 2879 memoras?
1986 2820 2124 2897 quid
2153 2821 2265 2878 tibi
2293 2840 2429 2880 cum

166 2910 188 2927 ⁴
218 2907 555 2967 cerimoniis
586 2909 751 2979 meis,
789 2915 855 2963 ut
883 2906 952 2964 de
982 2904 1073 2963 his
1101 2903 1387 2961 faciundis
1417 2900 1732 2984 gloriaris?
1806 2899 1952 2989 *qb-
1972 2914 2072 2982 ³772-
2104 2903 2263 2975 Quid
2291 2905 2431 2977 tibi,
2459 2964 2464 2972 ,

220 2994 350 3051 scil.
394 2986 520 3048 est?
590 2992 727 3068 quid
772 2991 845 3048 ad
889 3000 944 3048 te
990 2984 1239 3047 attinet?
1321 2985 1500 3078 ‘'urge-'3
1554 2989 1655 3047 Ad
1690 2967 2123 3063 enarrandum,
2179 2990 2222 3046 i.
2262 3009 2316 3050 e.
2357 2999 2429 3047 ut

223 3095 498 3146 enarres,
565 3076 837 3134 videlicet
864 3076 1159 3132 *simulata
1217 3082 1651 3147 praeceptorum
1695 3076 2030 3134 ‘divinorum
2071 3074 2430 3147 laudatione,

218 3162 458 3241 publica
488 3161 578 3217 vel
614 3162 843 3236 privata
883 3159 1118 3216 illarum
1156 3154 1683 3245 commendatio-nez
1747 3159 1898 3216 unde
1940 3159 2202 3235 plerique
2241 3160 2429 3217 inter-

219 3257 417 3326 pretes
456 3243 598 3302 haec
635 3245 810 3303 verba
850 3246 1152 3320 praecipue
1195 3244 1258 3299 in
1296 3241 1471 3320 Legis
1510 3243 1801 3301 studiosos
1837 3245 2167 3321 peritosque
2207 3243 2432 3302 directa

220 3339 457 3407 putant.
545 3323 843 3414 23³2··³²‚2.2
892 3337 1096 3422 ’λη’-35..
1151 3332 1341 3415 Νἱξηῖ
1383 3326 1470 3383 Et
1512 3336 1581 3384 ut
1623 3346 1891 3385 assumas
1930 3345 2113 3407 super
2157 3344 2221 3384 os
2265 3337 2430 3384 tuum

206 3415 445 3491 foedus
485 3412 709 3470 meum?
766 3405 1051 3489 qu'omodo
1091 3413 1285 3484 audes,
1326 3410 1533 3469 foedus
1570 3430 1754 3469 meum
1790 3432 1889 3470 ore
1915 3408 2170 3487 jactare?
2242 3411 2430 3488 Repe-

222 3499 401 3559 tenda
433 3507 522 3555 est
555 3499 939 3577 interrogatio
986 3491 1272 3579 *fb-³772.
1352 3495 1675 3554 Assumere‘
1704 3507 1894 3554 autem
1926 3514 2108 3574 super
2152 3514 2218 3553 os
2262 3502 2431 3555 suum

223 3582 489 3661 aliquid,
556 3593 675 3657 est,
739 3583 807 3639 de
853 3564 1071 3638 eodem⁸
1099 3581 1299 3638 crebro
1339 3581 1535 3655 loqui,
1604 3579 1666 3638 id
1713 3581 1912 3639 crebro
1954 3600 2302 3654 memorare,
2361 3590 2431 3638 ut

223 3672 426 3745 itaque
454 3685 779 3745 synonyma
812 3670 933 3724 sint
960 3675 1095 3748 Ἶξῦ-
1124 3674 1182 3722 et
1212 3673 1303 3745 '0722
1337 3661 1417 3745 ἒξ
1443 3669 1587 3753 &iyn-
1632 3665 1721 3723 Ita
1751 3665 1964 3724 2Sam.
1988 3668 2086 3739 13,
2101 3666 2199 3722 32.
2232 3661 2434 3745 ἐξ-ἒξ

225 3770 415 3830 super
451 3770 552 3810 ore
592 3751 877 3810 Absaloni
917 3759 1053 3808 erat
1087 3744 1377 3829 positam,
1416 3753 1456 3807 i.
1486 3736 1761 3809 e.*crebro
1792 3752 1877 3807 ita
1904 3751 2249 3808 minabatur.
2313 3748 2430 3806 Jer.

228 3838 336 3910 12,
363 3837 423 3893 2.
462 3855 658 3915 prope
674 3836 881 3908 fuisti
910 3836 1007 3891 ori
1033 3854 1251 3906 eorum,
1286 3835 1393 3893 sed
1421 3835 1586 3913 longe
1616 3854 1654 3893 a
1686 3834 1925 3893 renibus
1951 3853 2172 3908 eorum,
2206 3835 2434 3891 assidue

226 3922 301 3980 de
343 3931 403 3979 te
443 3923 797 3997 loquuntur,
856 3919 957 3977 sed
996 3922 1167 3978 corde
1206 3938 1313 3978 suo
1356 3930 1414 3977 te
1450 3937 1570 3976 non
1613 3930 1841 3978 curant.
1923 3917 2191 3992 Foedus,
2234 3930 2437 3992 η’ἾΞ,

223 4005 287 4064 h.
320 4008 364 4066 1.
403 4025 510 4083 pro
546 4005 896 4085 praeceptis
931 4004 1173 4076 divinia,
1210 4006 1331 4063 vid.
1365 4004 1439 4061 ad
1477 4003 1570 4064 Ps.
1600 4007 1704 4079 25,
1737 4007 1834 4062 10.
2338 3987 2355 4002 ’
2378 3984 2393 4011 ⁸
2474 4005 2489 4012 ‘

409 4118 501 4173 17.
588 4123 755 4176 “wan
795 4117 968 4193 τικξὶυ
1010 4124 1188 4192 ἵππῳ
1230 4112 1315 4171 Et
1359 4124 1426 4172 tu
1469 4112 1657 4171 odisti
1693 4113 2158 4188 correctionem3
2205 4110 2438 4188 empha-

195 4201 346 4283 ιιίοει
385 4179 858 4275 adhibuit“pr013.
902 4181 1114 4291 5222·ng
1168 4182 1225 4276 ᾗ.
1258 4200 1313 4258 d.
1356 4206 1419 4256 et
1460 4208 1526 4257 tu
1571 4200 1703 4278 ipse
1745 4208 1972 4272 tamen,
2022 4200 2124 4276 qui
2160 4199 2438 4257 continuo

225 4288 417 4364 legem
449 4305 632 4345 meam
669 4303 767 4341 ore
795 4286 1015 4359 jactare
1046 4286 1231 4358 soles,
1288 4293 1557 4362 proterve
1596 4294 1787 4343 tamen
1827 4284 2063 4342 eandem
2101 4283 2440 4341 contemnis.

223 4368 460 4431 Nomen
490 4380 659 4459 ⁸5an
696 4368 913 4427 dicitur
944 4368 1014 4428 de
1049 4370 1485 4452 castigatione,
1520 4380 1644 4428 tum
1679 4369 1974 4445 violenta,
2015 4386 2161 4449 quac
2200 4367 2271 4451 fit
2299 4384 2443 4426 ver-
