2807 4913
251 319 256 328 ·
355 281 507 372 302
1057 301 1060 306 ·
1129 300 1415 395 p..‚·45
1473 313 1813 370 10-12,

327 545 328 548 ,
356 479 676 547 dexterae’
677 493 817 543 tuae
845 493 1052 543 ornata
1082 497 1229 543 auro
1263 482 1655 567 Ophirieaco.
1689 469 1916 545 Nomen
1946 482 2066 576 ’33ιρ
2097 503 2220 545 ιιοιι
2247 488 2367 546 nisi
2396 494 2576 550 semel

357 571 547 632 adhuc
576 549 899 648 reperitur,
953 569 1100 628 Neh.
1128 573 1191 641 2,
1219 572 1278 627 7.
1320 569 1390 627 de
1426 572 1670 651 regina,
1705 556 2095 641 Arthasastae
2137 574 2265 652 regi
2306 574 2378 631 ad
2415 575 2579 634 latus

355 658 623 728 sedente,
685 663 745 711 et
784 656 850 710 in
896 653 1226 712 Chaldaicis
1260 653 1524 712 Danielis
1560 654 1621 727 5,
1652 658 1714 714 2.
1744 658 1802 713 3.
1834 657 1938 713 23.
1921 696 1973 727 .,
2026 656 2130 713 ubi
2166 655 2246 713 de
2287 661 2575 718 uxoribus

353 740 721 813 Belsazaris,
779 725 1072 796 distinctis
1117 757 1153 795 a
1196 725 1568 813 concubinis,
1625 727 1860 799 dicitur.
1943 741 2171 800 Seriori
2220 743 2407 822 igitur
2448 743 2575 801 He-

354 827 611 885 braismo
651 826 957 901 proprium
989 841 1201 881 nomen
1241 822 1498 881 videtur.
1582 825 1793 882 Adstat
1840 835 2033 883 autem
2072 828 2282 903 regina
2321 831 2450 908 regi
2492 829 2579 887 ad

353 912 688 980 dexteram,
732 916 933 984 utpote
963 907 1295 966 honestiore
1327 910 1480 966 loco.
1520 906 1632 969 Cf
1675 908 2072 990 1Reg.2‚19.
2145 911 2329 968 Porro
2361 916 2573 994 regina

355 1005 564 1054 ornata
606 991 821 1050 dicitur
859 1012 1007 1051 auro
1043 989 1241 1072 Ophir
1244 994 1425 1064 itico,
1482 992 1537 1050 h.
1570 1016 1617 1051 e.
1648 996 1865 1052 mundo
1899 1009 2149 1066 aureo,
2177 1013 2353 1071 supra
2381 1009 2571 1055 vestes
2618 1061 2627 1070 .

354 1081 569 1155 posito,
614 1079 780 1156 quasi
812 1087 936 1135 tota
967 1096 1145 1153 auro,
1192 1086 1252 1134 et
1281 1081 1475 1135 aureis
1515 1081 1872 1137 ornamentis
1902 1079 2110 1137 induta
2141 1090 2324 1152 esset,
2370 1085 2568 1139 aureis

350 1164 689 1233 monilibus,
738 1164 993 1237 annulis,
1037 1164 1302 1235 armillis,
1348 1165 1676 1240 torquibus,
1721 1173 1780 1221 et
1817 1163 1877 1220 id
1919 1183 2103 1244 genus
2144 1166 2291 1223 aliis.
2376 1166 2569 1243 Atque

350 1260 421 1308 ut
468 1250 745 1308 eximium
796 1245 969 1323 hujus
1012 1258 1252 1305 ornatus
1298 1247 1657 1325 splendorem
1701 1250 1890 1331 magis
1934 1259 2282 1349 exaggeret,
2341 1261 2567 1321 aurum‘,

350 1354 428 1393 ex
459 1334 572 1411 quo
606 1333 703 1389 ille
730 1331 1026 1389 confectus
1057 1342 1164 1404 est,
1213 1330 1620 1411 Ophir-ilicum
1662 1335 1949 1413 designat,
1989 1336 2287 1412 regionem
2319 1354 2566 1412 namque

350 1420 480 1476 auri
513 1418 717 1494 optimi
748 1417 1093 1474 ditissimam
1128 1419 1323 1478 ἾἾΞΠΝ
1356 1417 1572 1490 fuisse,
1615 1428 1775 1495 patet
1804 1437 1895 1475 ex
1904 1416 2030 1475 Job.
2061 1419 2162 1490 28,
2180 1420 2282 1475 16.
2328 1422 2432 1492 22,
2462 1424 2562 1482 24.

348 1499 462 1561 Jes.
497 1503 595 1573 13,
620 1503 718 1559 12.
764 1511 821 1557 et
850 1502 997 1558 locis
1028 1502 1295 1578 pluribus
1326 1504 1479 1561 aliis.
1539 1502 1631 1570 De
1658 1506 1778 1561 situ
1808 1504 1968 1560 illius
2001 1503 2263 1582 regionis
2294 1505 2407 1561 vid.
2437 1513 2563 1563 not.

275 1661 278 1664 ‚
350 1587 425 1654 'ad
462 1587 609 1645 Gen.
642 1586 740 1658 lo,
771 1586 873 1642 29.
957 1584 1224 1643 Ceterum
1263 1604 1368 1661 per
1407 1589 1680 1665 reginam
1716 1586 1953 1645 Kimchi
1991 1597 2148 1645 recte
2186 1589 2439 1647 indicari
2475 1592 2563 1648 ait

347 1688 715 1750 synagogam
759 1665 1038 1744 Israelis,
1081 1688 1229 1747 quae
1266 1670 1593 1771 ‘aliquando
1633 1673 1722 1731 sit
1763 1672 2163 1742 dominatura.

521 1756 623 1812 11.
707 1747 841 1812 Jam
868 1754 942 1846 ad
964 1757 1230 1855 reginam
1262 1755 1447 1831 ipsam
1479 1774 1789 1815 conversus
1816 1767 2010 1829 vates,
2051 1775 2176 1814 eam
2210 1755 2400 1831 docet,
2442 1778 2558 1837 quo

346 1850 515 1920 pacto
559 1857 812 1896 amorem
859 1832 1061 1913 sponsi
1112 1858 1158 1908 s.
1206 1839 1403 1896 mariti
1451 1842 1565 1902 sibi
1616 1858 1960 1900 conservare
2003 1859 2073 1898 ac
2118 1857 2332 1922 augere
2368 1846 2561 1923 magis

315 1928 648 2005 ·magisque
686 1924 893 1999 possit·
974 1922 1306 2015 nn-wmgj
1348 1923 1511 1982 Audi
1534 1925 1716 2000 filia,
1777 1926 2145 2002 compellatio
2185 1926 2558 2003 blandientis,

336 2012 509 2090 ,quali
552 2007 821 2066 docentes
863 2026 1006 2088 erga
1049 1989 1368 2081 discentes,
1428 2011 1503 2068 ad
1542 2011 1964 2069 conciliandam
1998 2009 2111 2067 sibi
2148 2015 2555 2088 attentionem,

342 2098 437 2155 uti
476 2096 683 2153 solent.
768 2090 942 2152 Haud
979 2092 1219 2151 obscure
1251 2112 1393 2152 vero
1422 2092 1566 2154 haec
1594 2097 1960 2174 compellatio
1992 2096 2227 2168 innuit,
2266 2099 2555 2177 reginam,

346 2200 496 2260 quae
530 2179 764 2255 proprie
804 2178 1056 2251 dicitur,
1097 2176 1191 2236 hic
1221 2198 1340 2238 non
1372 2180 1662 2260 intelligi3
1715 2199 1899 2258 neque
1929 2182 2081 2239 enim
2113 2177 2225 2238 hoc
2252 2182 2369 2240 sibi
2395 2200 2555 2241 sum-

155 2245 164 2258 .
225 2285 237 2296 ‘
341 2269 486 2323 sisse
529 2272 719 2321 vatem
768 2260 1044 2321 credibile
1090 2272 1209 2335 est,
1278 2274 1348 2323 ut
1394 2284 1539 2345 erga
1591 2265 1873 2341 principis
1930 2267 2025 2322 sui
2075 2266 2381 2345 conjugem
2427 2276 2553 2327 tam

337 2349 619 2409 familiari
659 2366 923 2406 sermone
963 2356 1247 2406 uteretur.
1325 2348 1505 2408 Recte
1532 2350 1886 2410 Chaldaeus:
1938 2349 2112 2424 audi,
2156 2353 2552 2429 congregatio

241 2429 246 2435 ’
339 2434 621 2506 Israelis,
661 2432 844 2510 legem
872 2432 1000 2491 oris
1026 2451 1178 2506 ejus.
1240 2439 1388 2526 ἰς’-ιη
1423 2432 1510 2493 Et
1537 2435 1692 2510 vide,
1724 2437 1941 2516 cogita,
1974 2435 2296 2508 considera,
2330 2448 2551 2513 quanto

337 2521 561 2579 honore
595 2518 837 2595 dignata
866 2519 948 2575 sis
992 2537 1029 2575 a
1066 2538 1277 2594 sponso
1321 2531 1443 2579 tuo.
1530 2518 1885 2580 Chaldaeus.
1925 2523 2158 2579 intuere
2195 2520 2552 2580 admiranda

338 2623 581 2685 operum
620 2615 771 2676 ejus.
854 2612 1008 2694 -Ἶ3ῚΝ
1046 2613 1210 2694 '’ts-{7
1240 2604 1326 2661 Et
1361 2603 1583 2662 inclina
1615 2624 1817 2662 aurem
1850 2614 2034 2676 tuam,
2078 2600 2145 2663 ut
2170 2607 2326 2684 quod
2360 2607 2549 2665 dicam

337 2699 558 2747 attente
600 2688 804 2746 audias
858 2707 928 2745 ac
973 2669 1285 2788 diligenter
1332 2699 1523 2747 notes.
1607 2688 1927 2763 Chaldaeus
1975 2690 2177 2749 addit:
2237 2690 2320 2747 ad
2365 2690 2549 2751 cerba

335 2775 509 2851 legis.
555 2804 641 2819 --
679 2771 808 2829 Jam
838 2773 1049 2847 incipit
1080 2775 1205 2848 ipsa
1238 2775 1586 2848 instructio,
1636 2774 1712 2832 ad
1741 2793 1915 2852 quam
1954 2766 2297 2834 audiendam
2331 2794 2546 2852 sponsa

333 2869 423 2916 est
473 2860 762 2928 excitata,
817 2855 976 2914 unde
1026 2870 1052 2918 7
1107 2868 1240 2914 ante
1291 2857 1464 2918 *17:²25
1517 2862 1598 2918 sit
1639 2860 1986 2932 explicantis
2029 2856 2125 2938 (ut
2165 2861 2333 2935 saep¹e
2377 2863 2545 2936 alias,

334 2963 383 3000 e.
417 2964 464 3000 c.
506 2942 654 3004 Hos.
694 2941 750 3013 l,
777 2943 838 2999 2.
882 2943 1075 2999 Amos.
1109 2945 1165 3013 1,
1200 2943 1262 3000 2.
1307 2924 1437 3002 Jol‘).
1477 2945 1572 3023 19,
1600 2941 1766 3022 25.),
1837 2953 1898 3001 et
1933 2945 2109 3002 verba
2152 2953 2325 3033 ῆ7333
2339 2946 2543 3040 ἰη’-’πυτ

333 3038 497 3116 3372&
549 3037 692 3105 57737
748 3028 833 3084 ita
883 3028 1006 3083 sint
1049 3029 1357 3085 vertenda.
1419 3046 1620 3107 nempe
1672 3028 2019 3088 obliviscere
2064 3030 2280 3107 populi
2320 3028 2425 3086 tui
2441 3013 2544 3087 ei

330 3118 533 3173 domus
562 3110 779 3193 patris
823 3111 936 3168 tui.
1020 3109 1375 3170 Chaldaeus.
1422 3112 1769 3171 obliviscere
1807 3131 1994 3191 opera
2034 3114 2190 3170 mala
2228 3115 2543 3193 impiwum

314 3200 537 3280 populi
566 3198 679 3267 tui,
722 3205 783 3251 et
813 3195 1037 3252 domum
1067 3195 1374 3270 idolorum,
1418 3216 1566 3274 quae
1598 3199 1843 3257 coluisti
1882 3199 1946 3255 in
1988 3197 2155 3255 dono
2189 3201 2399 3276 patris
2434 3201 2541 3257 tui.

324 3282 661 3353 Abrahami,
688 3277 1100 3338 Hebraeorum
1095 3284 1522 3360 progenitoris,
1560 3282 1791 3341 domum
1830 3285 2076 3341 coluisse
2104 3272 2282 3356 idola,
2323 3285 2539 3343 dicitur

323 3369 448 3428 Jos.
480 3370 585 3439 24,
624 3368 677 3423 l.
763 3366 956 3433 Quare
1002 3375 1061 3422 et
1100 3364 1298 3422 Jarchi
1343 3376 1503 3425 recte
1545 3370 1894 3447 explicavit.
1954 3366 2297 3426 obliviscere
2341 3369 2540 3426 cultus

323 3452 648 3525 idolorum,
706 3467 854 3526 quae
906 3448 1215 3555 coluerunt
1263 3462 1485 3530 patres
1540 3455 1636 3511 tui
1688 3455 1753 3511 in
1811 3454 1984 3510 terris
2040 3462 2214 3510 trans
2259 3454 2536 3532 fluvium,

320 3537 697 3614 Euphratem.

498 3623 594 3679 12.
674 3629 748 3704 552
756 3628 828 3677 b'·
874 3613 1065 3708 ηξ73π
1113 3630 1295 3709 wrm
1338 3619 1509 3697 Tum,
1548 3642 1596 3681 s.
1634 3624 1722 3681 sic
1763 3624 1916 3679 enim
1951 3622 2203 3701 adpetet
2241 3640 2357 3680 rex
2389 3625 2535 3702 pul-

322 3703 723 3764 claritudinem
766 3682 958 3776 t'uam,
1020 3715 1142 3763 tum
1190 3686 1398 3787 diliget
1441 3727 1543 3766 rex
1587 3718 1646 3766 te
1689 3719 1748 3767 et
1793 3717 2025 3783 expetet
2064 3724 2203 3783 prae
2247 3708 2531 3764 omnibus.

320 3793 521 3882 ,Ὑί-εκ
559 3798 835 3852 &stt-7:
877 3785 1023 3866 Ipse
1064 3792 1217 3848 enim
1260 3802 1355 3850 est
1399 3793 1667 3852 dominus
1707 3803 1878 3866 tuus,
1922 3795 2169 3851 maritus
2214 3803 2383 3866 tuus3
2440 3794 2528 3849 ita

320 3877 471 3936 Sara
507 3859 667 3935 Gen.
707 3874 816 3943 18,
855 3874 949 3929 12.
995 3874 1170 3934 dicit:
1230 3889 1338 3964 lP⁷
1390 3880 1577 3967 *nnc-t,
1632 3879 1901 3936 dominus
1957 3894 2116 3934 meus
2172 3885 2264 3932 est
2322 3894 2527 3933 senex.

320 3960 631 4020 Tribuitur
674 3967 864 4015 autem
907 3956 1016 4017 hoc
1055 3978 1266 4021 nomen
1304 3944 1400 4020 hic
1432 3971 1491 4020 et
1506 3918 1669 4019 alias
1699 3981 1866 4038 saepe
1905 3966 1971 4021 in
2008 3961 2222 4035 plurali
2254 3963 2358 4017 uni
2391 3970 2525 4019 tan-

321 4047 619 4103 tummodo
660 4060 972 4119 personae,
1015 4041 1257 4104 honoris
1290 4064 1498 4116 causa,
1542 4057 1611 4104 ut
1642 4065 1770 4105 cum
1802 4048 1950 4105 Gen.
1980 4049 2083 4118 24,
2107 4044 2166 4103 9.
2207 4044 2520 4103 Abrahami

316 4147 519 4187 servus
560 4145 794 4185 manum
837 4145 998 4185 suam
1041 4131 1147 4186 sub
1190 4129 1405 4187 femore
1458 4134 1630 4193 7757&
1677 4131 1899 4189 domini
1934 4131 2034 4191 sui
2073 4127 2333 4206 posuisse
2378 4130 2521 4186 dici-

315 4223 432 4272 tur.
505 4214 635 4270 Vid.
676 4212 851 4269 etiam
893 4211 1038 4269 Gen.
1082 4215 1202 4285 42,
1246 4215 1347 4270 30.
1411 4225 1470 4272 et
1512 4197 1892 4274 cf.G1=:st:N11
1943 4212 2234 4290 Lehrgeb.
2281 4231 2340 4288 p.
2373 4213 2521 4271 663.

314 4293 742 4389 ‘ib-77Un35'77
775 4294 868 4352 Tu
897 4313 1037 4352 vero
1075 4316 1204 4354 eum
1239 4298 1451 4372 adora,
1489 4276 1700 4402 dignus
1736 4309 1826 4357 est
1852 4302 2050 4381 regius
2091 4309 2226 4355 tuus
2254 4299 2524 4371 maritus,

308 4398 482 4459 quem
516 4367 645 4442 cuni
674 4388 845 4463 gestu
872 4384 1229 4441 reverentiae
1253 4386 1437 4483 colas,
1481 4389 1578 4444 cui
1607 4383 1814 4444 affectu
1841 4387 1940 4463 pio
1974 4382 2227 4445 obedias.

1656 4620 1683 4634 d
