2807 4913
819 403 820 408 Ν
883 307 1004 372 Ρ..
1056 303 1175 390 44,
1229 322 1341 390 27.
1432 306 1549 372 Ρ..
1600 301 1715 369 45.
2263 276 2415 376 293

187 508 426 563 eunius,
488 489 705 547 similes
750 489 1034 546 militibus
1076 487 1253 547 vietis
1293 487 1472 564 inque
1507 496 1725 545 terram
1765 489 2110 564 prostratis,
2162 507 2409 568 quorum

190 578 363 633 collis
409 575 859 652 corporibusque
905 575 1174 630 insistere
1219 574 1369 634 solet
1409 573 1635 644 victor,
1694 581 1761 629 ut
1800 562 1925 630 Jos.
1962 573 2061 645 lo,
2088 576 2192 636 24,
2228 574 2408 637 Dent,
2518 611 2523 623 .

189 663 307 731 33,
338 659 440 724 29.
526 670 707 739 numa
759 653 939 742 V‘fl-“b
1001 667 1177 746 npaa
1227 653 1460 713 Terrae
1503 655 1750 737 adfixus
1794 664 1889 714 est
1928 667 2133 728 venter
2178 653 2408 736 hoster,

187 725 762 804 slmilitutlo'iteru‘m
798 719 1179 799 nidtbata'ab
1218 737 1455 806 homine
1491 743 1556 799 in
1595 751 1814 804 terram
1854 750 2182 819 prostrato,
2242 748 2405 822 cujus

187 839 397 903 venter
440 838 628 886 terrae
667 829 787 903 jam
828 825 1046 887 haeret.
1221 833 1226 837 ’

359 945 465 1001 27.
548 938 745 1021 Surge
783 941 861 1008 in.
894 942 1179 1000 auxilium
1219 938 1422 1015 nobis,
1485 950 1546 1001 et
1586 941 1809 1005 redimo
1849 958 1955 1001 nos
1986 954 2257 1022 propter
2300 946 2400 1005 bo-

117 1025 120 1026 ’
186 1030 446 1088 nitatem
488 1036 669 1086 tuam.
733 1029 881 1086 Ante
910 1036 1123 1102 run-³¹83?
1152 1026 1390 1084 subaud.
1421 1027 1710 1100 particula
1742 1022 1810 1106 b,
1852 1045 1999 1102 quae
2025 1029 2169 1086 alias
2204 1033 2265 1091 in
2293 1032 2401 1100 bac

190 1113 441 1172 formula
481 1111 789 1188 frequens,
847 1091 1183 1186 velu'ti'⁸2‘3,
1216 1113 1316 1168 20.
1362 1112 1465 1185 38,
1496 1112 1593 1170 23.
1638 1114 1744 1185 40,
1771 1116 1836 1170 4.
1886 1113 1991 1184 70,
2027 1114 2088 1169 2.
2141 1118 2243 1188 71,
2280 1117 2402 1190 12.,

189 1210 292 1260 aut
335 1198 620 1274 particula
660 1206 736 1270 a,
792 1216 867 1255 ex
908 1196 1013 1268 35,
1053 1198 1149 1253 12.
1233 1194 1430 1254 Possit
1477 1206 1668 1253 tamen
1716 1206 1775 1253 et
1817 1195 1877 1253 b.
1919 1199 1961 1257 1.
2004 1193 2069 1255 iu
2116 1198 2399 1258 Vocativo

185 1277 372 1344 vei-ti:
444 1290 509 1340 ut
552 1282 1011 1338 antonomastice
1054 1279 1213 1338 Deus
1256 1281 1574 1356 appelletur
1613 1279 1961 1353 Auxilium,
2030 1279 2143 1340 hoc
2191 1285 2399 1344 modo:

189 1362 418 1442 Surge,
449 1407 450 1410 η
481 1383 514 1421 ο
558 1366 863 1423 Auxilium
920 1364 1227 1423 nostrum!
1307 1365 1410 1423 Sic
1451 1381 1697 1439 namque
1741 1367 1807 1423 in
1854 1384 1993 1423 casu
2034 1378 2195 1425 recto
2238 1367 2400 1427 Deus

158 1451 518 1526 'appellatur
564 1461 779 1512 πηῆτπ
826 1452 929 1524 63,
965 1451 1021 1507 8.
1067 1449 1209 1526 quia
1230 1447 1441 1521 fuisti
1494 1443 1558 1511 “b
1603 1456 1856 1534 πτιῆτξ,
1910 1458 1970 1508 et
2013 1451 2239 1523 94,17.
2279 1454 2403 1512 nisi

187 1533 478 1593 Dominus
523 1531 587 1615 '²⁷2
630 1543 849 1626 mni?-
890 1534 1183 1594 auxilium
1212 1531 1369 1595 milei.
1430 1515 1899 1631 l.)e⁸ve1·b'o⁷²2‚·s]p¹
1932 1534 2053 1594 vid.
2082 1536 2186 1611 25,
2215 1538 2316 1600 22.

1146 1720 1264 1782 Pa.
1324 1722 1428 1781 45.

364 1827 606 1896 Ciu-men
645 1840 846 1918 magni
884 1839 1125 1913 alicujus
1159 1841 1318 1920 regis
1347 1841 1600 1898 virtutes
1638 1851 1697 1902 et
1723 1840 2060 1901 felicitatem
2086 1840 2398 1921 magnifico

190 1925 382 1986 laudis
415 1926 723 2000 praeconio
756 1925 1059 1980 extollens.
1145 1924 1526 1983 Dedicatione
1554 1928 1870 2002 praemissa
1902 1924 2029 2005 (Vs.
2061 1923 2182 2005 2.),
2230 1937 2429 2003 poeta*

190 2013 392 2076 statim
434 2009 504 2066 ad
539 2011 789 2067 virtutes
828 2010 987 2089 regis
1029 2009 1342 2067 laudandas
1374 2013 1623 2082 transit,
1678 2021 1850 2088 atque
1883 2011 2311 2088 pulchritudine
2341 2022 2401 2070 et

191 2095 519 2171 eloquentia
553 2094 734 2166 ipsius
768 2105 1211 2151 commemorata
1243 2089 1396 2174 (3.),
1442 2098 1633 2168 paullo
1664 2096 1895 2174 longius
1924 2097 1988 2151 in
2018 2097 2402 2172 praedicanda

193 2180 414 2236 virtute
450 2179 570 2252 ejus
612 2196 680 2234 ac
720 2179 901 2234 animi
947 2177 1328 2251 fortitudine,
1376 2180 1642 2251 justitiae
1681 2191 1854 2255 atque
1893 2181 2162 2237 veritatis
2200 2181 2398 2238 studio

194 2263 429 2319 incensa
459 2262 655 2319 haeret
685 2261 753 2339 (4
789 2294 825 2301 «κ
868 2258 992 2335 8.);
1041 2272 1184 2337 tum,
1218 2265 1489 2338 praemiis
1518 2262 1723 2322 harum
1751 2264 2036 2326 virtutum
2068 2263 2400 2336 descriptis,

191 2346 474 2406 felicitate
498 2348 770 2404 nimirum
798 2348 967 2424 regni
998 2348 1168 2403 istius
1196 2357 1255 2407 et
1287 2348 1550 2426 conjugii
1579 2367 1734 2407 nunc
1765 2348 2094 2406 celebrandi
2127 2349 2402 2405 solemni-

192 2441 315 2491 tate
345 2433 610 2509 exposita
638 2430 725 2509 (9.
762 2429 915 2508 10.),
955 2431 1029 2489 ad
1052 2450 1320 2508 sponsam
1351 2433 1585 2509 eiusque
1614 2442 1971 2493 venustatem
1999 2432 2402 2492 celebrandam

193 2534 256 2574 se
295 2518 600 2575 convertit.
686 2515 974 2583 Hortatur
1010 2535 1170 2591 eam,
1213 2527 1279 2575 ut
1309 2528 1576 2593 penatum
1611 2520 1690 2575 sit
1710 2520 1830 2592 jam
1862 2519 2197 2588 immemor,
2243 2520 2401 2575 laeta

191 2619 262 2658 ac
294 2601 516 2674 hilaris,
556 2611 624 2659 ut
651 2620 758 2659 rex
790 2602 972 2677 ipsius
1001 2619 1195 2662 amore
1229 2604 1510 2677 capiatur,
1553 2622 1720 2680 quem
1748 2604 1804 2659 si
1836 2614 2222 2679 consequatur
2252 2603 2401 2676 fore,

189 2678 418 2762 sperat,
489 2694 556 2742 ut
599 2697 801 2767 gentes
847 2695 1121 2743 externae
1164 2688 1349 2759 ipsius
1391 2687 1853 2745 benevolentiam
1894 2688 2018 2744 sint
2059 2682 2401 2757 ambiturae,

192 2772 362 2846 eique
390 2789 629 2832 munera
659 2770 1118 2848 splendidissima
1147 2772 1445 2829 oblaturae
1480 2768 1585 2849 (11
1611 2803 1685 2816 —-
1711 2767 1856 2848 13.).
1935 2770 2399 2845 Pulchritudine,

193 2873 341 2932 quae
370 2856 526 2934 regis
558 2874 810 2914 amorem
836 2856 949 2931 ipsi
980 2856 1344 2927 conciliarat,
1375 2854 1687 2931 descripta,
1728 2857 1855 2932 ipsa
1884 2856 1959 2914 ad
1984 2873 2180 2935 regem
2211 2856 2399 2913 addu-

192 2940 348 3000 citur
377 2959 504 2996 cum
533 2942 731 3011 sociis,
775 2948 839 2996 ut
866 2939 939 3011 ,⁸¹¹
969 2958 1035 2996 eo
1068 2940 1129 2995 in
1161 2942 1440 3013 palatium
1470 2942 1807 3015 recipiatur,
1846 2941 2044 3016 sicque
2073 2957 2181 3013 pro
2214 2942 2397 3016 ipsius

192 3042 380 3082 uxore
418 3026 530 3081 rite
568 3026 889 3082 declaretur
929 3020 1313 3102 (14—16.).
1397 3022 1664 3101 Denique
1691 3034 1862 3099 poeta
1892 3026 2113 3099 prolem
2140 3025 2399 3089 futuram

193 3106 418 3175 honore
447 3120 506 3166 et
536 3107 821 3187 dignitate
853 3105 1344 3165 condecorandam
1385 3111 1515 3185 regi
1548 3111 1882 3188 gratulatur
1914 3108 2063 3186 (17.)
2081 3152 2101 3184 ,
2144 3120 2203 3167 et
2233 3108 2307 3168 ad
2337 3127 2399 3165 se

193 3193 422 3253 rediens
452 3194 648 3251 laudes
681 3193 838 3273 regis
869 3210 1181 3269 numquam
1208 3193 1589 3268 interituras,
1628 3192 1832 3272 hymni
1865 3193 1959 3251 sui
1986 3191 2240 3255 fructum
2258 3209 2398 3270 ‘spe—

192 3286 289 3334 rat
321 3280 719 3358 gratissimum
750 3275 932 3354 (18.).
1227 3300 1234 3303 ἢ

363 3359 536 3423 Hunc
565 3362 658 3420 Pa.
698 3381 881 3439 neque
914 3356 1161 3434 Davidi3
1205 3379 1388 3440 neque
1418 3363 1720 3427 Salomoni
1749 3364 2170 3423 accommodari
2203 3380 2396 3441 posse,

103 3499 116 3519 ,
192 3454 332 3505 v'ere
360 3450 604 3518 monuit,
631 3456 860 3523 praeter
887 3448 1038 3505 allos
1067 3449 1437 3523 interpretes,
1463 3448 1514 3508 J.
1532 3448 1606 3506 H.
1625 3447 1970 3509 Mncnams
2001 3452 2063 3505 in
2081 3449 2419 3539 Αιιηοταεε.ί

193 3529 514 3593 uberim-ib.
548 3533 611 3588 in
638 3530 942 3608 Hagiogr.
974 3531 1046 3590 T.
1072 3531 1116 3590 l.
1160 3553 1213 3609 p.
1240 3533 1385 3591 283.
1445 3536 1721 3610 „Quippe
1751 3542 1956 3592 neuter
1989 3533 2287 3607 eorum,“‘
2306 3526 2419 3589 in:

194 3618 359 3692 quit,
421 3616 588 3690 „fuit
627 3615 794 3676 Deus
839 3613 974 3693 (Vs.
1009 3619 1069 3678 7.
1103 3617 1237 3692 8.),
1309 3621 1574 3679 neutrius
1618 3619 1830 3675 solium
1870 3616 1986 3674 fuit
2026 3634 2286 3696 perenne
2333 3606 2431 3674 ac¹

194 3698 530 3777 perpetuum
561 3699 681 3781 (Vs.
710 3699 818 3778 7.)‚
855 3703 1119 3760 neutrius
1151 3703 1397 3778 denique
1431 3705 1645 3778 conjux
1673 3720 1916 3779 usquam
1949 3696 2167 3783 legitu'r
2194 3714 2229 3760 a
2253 3702 2431 3776 filia*

203 3783 360 3869 Tyri
397 3787 730 3844 muneribus
771 3796 1052 3847 exornata
1094 3787 1217 3864 (Vs.
1251 3786 1408 3863 13.)‚
1466 3796 1524 3845 et
1559 3787 1751 3844 David
1788 3796 2014 3861 praeter
2040 3778 2431 3867 Michaelem„

198 3868 387 3945 Sauli,
421 3881 479 3929 et
507 3868 828 3942 Maacbam,
847 3871 1272 3937 'Gesuritarum
1296 3863 1452 3950 regis
1479 3872 1658 3929 filiam
1689 3868 1762 3949 (2
1781 3871 1938 3929 Sam.
1970 3872 2031 3944 3,
2060 3869 2177 3945 3.),
2210 3873 2413 3931 nullas]

198 3951 404 4011 habuit
439 3958 711 4034 conjuges
748 3957 913 4034 regio
942 3965 1100 4013 satas
1132 3959 1453 4034 sanguine,
1509 3958 1840 4033 nullamque
1872 3957 2024 4012 inter
2055 3955 2190 4028 has,
2254 3948 2417 4035 qua‘e‘

198 4047 366 4096 tanto
398 4059 535 4120 prae
562 4041 769 4097 ceteris
799 4040 1102 4116 splendore
1129 4042 1488 4116 eminuisset,
1518 4052 1795 4125 quantum
1827 4041 1895 4098 de
1926 4057 2043 4095 una
2071 4041 2192 4114 illa,
2222 4040 2427 4115 eaque‘'

194 4124 513 4203 insigniter
540 4126 816 4182 distincta
846 4123 1074 4204 Regina
1101 4124 1323 4182 Psaltes
1353 4128 1649 4202 praedicat
1671 4125 1768 4182 Vs.
1795 4125 1889 4181 1⁰.
1912 4124 2010 4179 14.
2038 4142 2160 4205 sqq.
2226 4112 2431 4182 Salo-⁸

191 4210 357 4266 moni
386 4209 542 4269 haud
568 4210 841 4272 convenit
871 4209 1158 4282 Psalmus,
1199 4210 1412 4286 quippe
1442 4213 1543 4289 qui
1572 4211 1738 4268 nulla
1763 4210 1915 4267 bella
1942 4211 2146 4287 gessit,
2186 4218 2254 4266 ut
2285 4214 2407 4266 tam'

193 4293 566 4373 magnificam
581 4294 899 4352 meruisset
926 4293 1175 4367 laudem,
1218 4287 1406 4371 qualis
1423 4295 1535 4353 Vs.
1560 4297 1620 4352 4.
1650 4292 1708 4351 5.
1735 4296 1828 4366 6.,
1870 4311 2054 4369 neque
2082 4293 2251 4351 filios
2268 4311 2405 4371 suop

189 4374 347 4444 loco,
381 4388 612 4456 patrum
658 4380 971 4438 constituit
1020 4380 1310 4458 principes
1350 4383 1418 4439 in
1459 4367 1736 4439 universa
1777 4388 1935 4437 terra
1977 4373 2101 4460 (Vs.
2137 4375 2295 4459 17.),
2318 4378 2323 4383 ’
2346 4380 2429 4434 et‘
