2807 4913
327 369 331 378 p
388 282 543 385 572
874 257 877 260 ⁷
1119 281 1243 348 Ps.
1295 299 1461 369 107,
1523 278 1878 366 2-3—29.

387 470 482 530 vel
513 465 703 545 quod,
747 473 816 528 ut
845 464 978 521 vult
1007 459 1285 531 Kimchi,
1324 470 1483 531 terra
1511 471 1700 520 exstet
1730 480 1901 537 super
1930 454 2071 520 litus
2101 463 2301 534 maris,
2350 468 2636 541 quamvis

393 555 690 629 alioquin,
734 551 961 625 inquit,
1003 561 1163 619 mare
1189 547 1459 605 absolute
1484 554 1644 603 terra
1680 548 1760 605 sit
1788 548 1997 620 altius,
2033 549 2127 605 vel
2153 548 2343 624 quod,
2386 559 2454 605 ut
2485 553 2621 607 vult

393 636 674 713 Josephus
705 632 961 705 Kimchi,
1001 633 1169 691 navis
1201 631 1491 709 profunda
1517 632 1616 703 sit,
1642 642 1701 689 et
1730 633 1795 689 in
1820 630 1984 695 illam
2014 632 2412 706 descendatur,
2457 636 2617 693 unde

396 723 466 782 de
492 716 649 781 Jona
681 722 738 792 1,
764 721 824 776 3.
857 717 1105 776 dicitur:
1146 717 1377 775 invenit
1415 734 1632 774 navem¹
1659 725 1722 773 et
1762 716 2070 774 descendit·
2113 717 2178 772 in
2216 734 2363 773 eam.
2433 717 2617 776 ‹Gro-

393 811 544 866 tius:
592 804 703 863 hoc
733 813 925 861 autem
957 803 1120 873 ideo,
1166 805 1302 878 quia
1330 800 1515 858 moles
1550 802 1705 860 altae
1738 810 1877 857 sunt
1908 801 1980 858 ad
2011 810 2247 873 portus,
2290 820 2366 858 ex
2400 803 2615 878 quibus

392 895 457 949 in
487 909 664 948 naves
697 886 1084 947 descenditur.
1168 892 1324 964 ΒΨ)
1367 893 1529 966 ῦἾζΞ
1571 883 1796 971 Γιῦκξη
1836 887 1957 963 'ipis’
1986 883 2305 944 Facientes
2348 905 2500 965 opus
2535 889 2612 943 ‘in

395 977 570 1052 aquis
623 974 875 1054 multis,
932 972 1314 1053 intelligenda
1361 952 1724 1046 sunt³ope⁷ra
1772 965 2003 1027 navalia
2050 971 2423 1049 remigando,
2482 974 2616 1036 vela

396 1059 619 1132 dando,
669 1069 726 1117 et
766 1056 1147 1129 explicando,
1193 1074 1399 1114 rursus
1435 1055 1861 1127 contrahendo,
1908 1055 2321 1133 gubernand03
2381 1056 2615 1136 signifi·-

391 1155 600 1202 cantur
630 1147 827 1220 itaque
861 1139 952 1197 his
985 1144 1177 1202 verbis
1209 1139 1554 1216 simpliciter
1585 1142 1949 1220 navigantes.

562 1261 662 1317 24.
754 1254 858 1315 Illi
886 1257 1208 1331 viderunt,
1253 1261 1292 1315 i.
1326 1278 1374 1313 e.
1413 1258 1635 1331 experti
1674 1264 1812 1312 sunt
1856 1274 2042 1336 opera
2081 1254 2303 1330 Jovae,
2348 1266 2412 1314 et
2454 1258 2615 1314 mira

391 1342 524 1417 ejus
549 1343 748 1417 facta
788 1344 854 1417 in
883 1341 1218 1421 profundo.
1301 1339 1520 1416 „Haec
1561 1359 1683 1399 non
1721 1351 1914 1416 putem
1953 1342 2331 1419 intelligenda
2369 1361 2493 1399 esse
2540 1329 2610 1400 de

391 1432 592 1486 multis
642 1429 973 1504 variisque,
1035 1446 1180 1503 quae
1226 1430 1292 1485 in
1336 1428 1489 1484 mari
1534 1426 1946 1506 navigantibus
1987 1445 2049 1483 se
2092 1425 2374 1499 offerant,
2431 1426 2610 1483 rebus

388 1514 644 1570 insolitis
688 1510 1113 1587 mirandisque,
1172 1531 1245 1570 ex
1284 1512 1493 1588 quibus
1535 1522 1690 1578 certe
1731 1512 2077 1586 perspicitur
2114 1513 2374 1585 potentia
2407 1529 2478 1566 ac
2510 1530 2610 1568 sa-

388 1600 608 1674 pientia
650 1597 800 1670 Dei,
865 1615 902 1653 a
946 1614 1060 1672 quo
1109 1596 1343 1655 condita
1385 1605 1526 1653 sunt
1570 1598 1800 1666 omnia,
1872 1595 1970 1651 sed
2014 1596 2261 1652 redeunt
2298 1598 2493 1667 potius
2535 1595 2613 1652 ad

388 1683 699 1740 mirificum
730 1680 845 1739 Dei
876 1681 1193 1754 auxilium,
1254 1701 1368 1758 quo
1400 1699 1537 1737 usos
1572 1700 1633 1737 se
1664 1699 1787 1736 esse
1819 1680 2163 1754 persuadere
2194 1681 2308 1737 sibi
2341 1679 2611 1751 debeant,

391 1769 494 1842 qui
523 1786 602 1824 ex
628 1767 919 1823 horrenda
946 1776 1282 1841 tempestate
1315 1768 1463 1822 salvi
1491 1765 1852 1843 eluctentur3
1906 1761 2026 1821 fere
2061 1776 2125 1821 ut
2154 1764 2497 1821 Germanice
2535 1765 2609 1821 de

349 1900 353 1906 .
389 1869 491 1924 eo,
556 1854 656 1925 qui
685 1863 1003 1908 extremum
1041 1853 1273 1927 aliquod
1307 1852 1617 1909 discrimen
1650 1850 1899 1907 feliciter
1932 1851 2150 1920 evasit,
2194 1846 2474 1905 dicimus:
2536 1867 2608 1904 er

387 1933 547 1995 kann
583 1951 702 1994 von
756 1933 1062 1992 Wundern
1103 1954 1308 2012 sagen,
1342 1938 1549 1991 miram
1587 1936 1707 2011 ipse
1741 1935 2019 1991 bonitatis
2051 1944 2108 1991 et
2136 1935 2428 2010 potentiae
2456 1933 2609 1993 divi-

384 2037 495 2081 nae
521 2023 644 2080 vim
671 2028 945 2097 expertus
974 2021 1122 2077 est.“
1167 2022 1572 2081 SanunREn.

554 2135 661 2195 25.
744 2134 943 2195 Dixit
978 2146 1232 2208 tantum,
1271 2138 1312 2193 i.
1345 2157 1396 2194 e.
1436 2135 1628 2195 voluit
1665 2145 1723 2194 et
1755 2137 1953 2211 jussit,
1998 2144 2058 2194 et
2092 2133 2341 2191 adstare
2379 2152 2425 2190 s.
2457 2135 2615 2191 oriri

382 2222 556 2296 fecit,
615 2224 924 2281 suscitavit
964 2222 1280 2301 (quomodo
1326 2232 1534 2311 ''1732‘22
1569 2229 1629 2278 et
1662 2230 1873 2305 -ιῆγςζξζ
1916 2230 1977 2277 et
2010 2218 2285 2278 2Chron.
2320 2220 2418 2290 19,
2453 2218 2513 2275 6.
2545 2220 2609 2275 8.

387 2311 491 2382 20,
516 2310 617 2365 21.
653 2305 896 2382 dicitur)
924 2316 1160 2365 ventum
1196 2306 1456 2363 turbinis
1498 2325 1548 2362 s.
1573 2296 1898 2382 procedite,
1936 2304 2292 2381 sustulitque
2324 2304 2387 2359 in
2418 2302 2611 2359 altum

387 2412 470 2450 sc.
501 2404 710 2451 ventus
744 2392 852 2448 ille
894 2391 1059 2469 (nam
1089 2392 1326 2465 verbum
1353 2390 1586 2448 feminei
1618 2393 1848 2471 generis
1882 2393 2137 2470 13ηῇῆηὶ
2165 2387 2438 2445 convenit
2474 2406 2610 2445 cum

305 2499 318 2511 ’
384 2481 621 2537 nomine
659 2478 910 2551 ejusdem
947 2480 1180 2558 generis
1220 2477 1372 2556 Πηῆ)
1413 2478 1648 2554 fluctus
1688 2477 1851 2550 ejus,
1894 2469 2093 2532 maris:
2136 2472 2607 2532 -Alexandrinus

336 2568 339 2573 ”
380 2567 544 2641 prius
575 2561 1000 2619 hemistichium
1033 2565 1117 2620 sic
1145 2562 1432 2619 reddidit:
1478 2555 1630 2633 εἷπε,
1668 2561 1767 2622 καὶ
1796 2560 1939 2641 ἔστη
1969 2562 2207 2637 πνεῦμα
2234 2552 2610 2636 ,καταιγίδος,

383 2649 540 2724 quod
571 2648 855 2725 Vulgatus
890 2652 1199 2724 sequutus:
1245 2646 1431 2719 dixit,
1475 2657 1537 2704 et
1579 2642 1760 2704 stetit
1804 2647 2071 2725 spiritus
2099 2643 2434 2724 procellae,
2483 2645 2521 2699 i.
2551 2663 2606 2700 e.

328 2748 331 2749 ’
383 2743 659 2808 tanquam
715 2730 1017 2807 expeditus
1080 2733 1153 2790 ad
1210 2731 1637 2806 obsequendum
1692 2750 1893 2790 servus
1948 2741 2180 2807 praesto
2233 2728 2351 2786 fuit
2408 2728 2606 2787 turbo.

306 2812 319 2823 “
379 2816 601 2875 Sensus
631 2818 854 2885 bonus3
909 2835 1040 2875 eum
1076 2835 1215 2876 vero
1261 2817 1316 2872 si
1355 2827 1528 2892 poeta
1564 2819 1886 2893 exprimere
1919 2816 2238 2889 voluisset,
2297 2811 2611 2870 dicendum

379 2903 438 2959 ei
475 2900 670 2961 fuerat
711 2904 907 2990 ''5722sp

548 3017 654 3073 26.
738 3017 1153 3076 Ascenderunt
1196 3017 1262 3075 in
1303 3015 1522 3074 coelum
1565 3036 1644 3076 sc.
1675 3017 1885 3076 fluctus
1916 3019 2165 3091 marini,
2221 3032 2280 3079 et
2316 3039 2444 3079 cum
2483 3021 2610 3079 illis

377 3103 722 3182 navigantes
763 3098 897 3181 (Vs.
923 3106 1023 3160 23.
1054 3099 1210 3177 25.),
1257 3121 1577 3181 rursusque
1623 3098 2058 3162 descenderunt
2101 3105 2164 3159 in
2207 3106 2452 3184 abyssos
2502 3126 2611 3163 seu

350 3188 592 3244 intima
636 3189 850 3262 maris,
905 3191 1101 3244 anima
1152 3206 1354 3244 eorum
1407 3189 1473 3245 in
1518 3189 1702 3260 malo,
1761 3190 1824 3244 in
1855 3197 2023 3246 tanto
2057 3186 2422 3264 discrimine,
2476 3201 2612 3249 tota

266 3290 275 3297 ²
379 3272 566 3331 veluti
596 3271 1047 3350 colliquescebat
1089 3292 1157 3330 ac
1191 3273 1616 3331 dissolvebatur
1646 3291 1785 3349 prae
1815 3284 1989 3332 metu.

541 3390 647 3446 27.
740 3384 1356 3464 circumvagabantur
1399 3384 1601 3474 (tuit-12
1640 3391 1795 3446 enim
1828 3390 1901 3446 ad
1927 3377 2141 3448 »nomen
2178 3393 2286 3454 ism
2328 3402 2418 3451 est
2448 3392 2607 3450 refe-

375 3472 656 3548 rendum,
721 3474 876 3550 quod
923 3471 1229 3532 Chaldaice
1282 3487 1339 3533 et
1393 3474 1638 3552 Syriace
1690 3474 2173 3553 significationem
2232 3477 2400 3535 habet
2454 3466 2607 3553 gyri

379 3555 691 3637 orbisque)
735 3567 799 3614 et
859 3552 1205 3616 titubarunt
1258 3561 1414 3616 sicut
1464 3558 1698 3632 ebrius,
1762 3562 2052 3640 vertigine
2106 3563 2273 3637 quasi
2324 3564 2608 3637 correpti,

378 3645 537 3717 quod
569 3662 769 3700 eorum
799 3652 910 3716 est,
956 3646 1057 3718 qui
1086 3646 1332 3719 perculsi
1364 3644 1782 3721 stupefactique
1810 3648 2042 3702 consilii
2079 3647 2275 3721 inopia
2304 3647 2606 3717 laborant,

375 3736 440 3784 et
484 3728 670 3786 omnis
715 3729 1023 3807 sapientia
1060 3747 1262 3785 eorum
1303 3728 1597 3807 absorpta
1641 3738 1768 3803 est,
1827 3732 2101 3803 evanuit,
2164 3730 2440 3788 adversus
2479 3735 2609 3788 vim

373 3822 683 3887 ventorum
720 3832 818 3871 ars
859 3815 1176 3893 navigandi
1210 3822 1268 3871 et
1306 3816 1520 3889 peritia
1548 3833 1750 3872 eorum
1787 3813 1942 3871 nihil
1975 3817 2281 3892 quicquam
2310 3815 2607 3891 proderat.

371 3896 736 3978 Imaginibus
780 3896 937 3955 haud
983 3901 1231 3957 multum
1284 3891 1531 3958 diversis
1582 3908 1988 3975 tempestatem
2035 3898 2301 3975 depinxit
2351 3898 2608 3959 Ovidius

377 3980 570 4040 Trist.
611 3985 666 4042 l.
707 3983 880 4063 Eleg.
911 3985 971 4040 2.

539 4103 640 4159 29.
724 4107 844 4188 nm
881 4097 1067 4159 Stare
1122 4117 1172 4156 s.
1223 4100 1556 4157 consistere
1592 4099 1803 4172 fecit,
1875 4102 1920 4157 i.
1968 4121 2017 4159 e.
2051 4112 2131 4159 'ut
2171 4110 2330 4158 recte
2374 4099 2608 4176 Syrus:

377 4185 652 4260 sedavit,
715 4204 955 4246 cessare
987 4184 1181 4258 fecit.
1268 4180 1494 4270 ,Ἴρην-ἕξ
1540 4185 1964 4243 Alexandrinus
2015 4195 2073 4244 et
2113 4177 2402 4264 Vulgatus
2446 4196 2611 4243 recte

377 4270 464 4337 εἲς
504 4256 719 4348 αὗραν,
777 4273 842 4329 in
889 4289 1103 4328 auram
1149 4265 1618 4343 transtulerunt,
1673 4289 1858 4345 neque
1897 4273 2055 4329 enim
2094 4271 2395 4330 silentium
2440 4269 2613 4326 venti

375 4350 793 4434 (Windstille)
833 4355 1279 4447 intelligendum
1314 4371 1473 4426 esse,
1532 4355 1702 4414 docet
1741 4365 1862 4414 tam
1898 4368 1994 4414 res
2033 4358 2191 4433 ipsa,
2244 4374 2423 4432 quum
2463 4353 2620 4413 nihil
