2807 4913
261 267 277 281 '
371 269 524 345 282
1004 307 1013 318 ·
1191 271 1312 337 Ρ.
1360 271 1482 354 42,
1541 270 1787 337 3-5,

535 460 597 517 3.
681 467 758 538 77¹1
816 450 936 546 ’,τῷ
996 446 1254 532 ῦἿἾέΝἶ-,ζ
1312 451 1470 545 '‘vg-{m
1519 433 1719 544 imm?
1759 449 1916 511 Sitit
1962 451 2159 512 animis
2200 472 2331 512 mea
2374 453 2582 528 Deam,

367 546 559 604 Deum
587 544 801 613 vivum,
845 520 990 615 quae
1021 539 1338 612 appellatio
1370 520 1634 614 opposita
1650 521 1754 597 e'st
1784 540 2009 596 fictitiis
2038 538 2288 597 aliarum
2320 544 2582 619 gentium

371 629 650 700 cleastris,
694 629 795 701 qui
828 626 977 682 nihil
1010 634 1182 693 sunt,
1230 627 1356 680 vita
1394 634 1453 679 et
1494 624 1836 681 exsistentia
1880 634 2099 684 carent.
2188 625 2403 704 Magno
2450 645 2579 683 cum

370 713 580 772 affectu
619 712 885 785 subjicit.
942 697 1044 770 ‘727
1090 720 1212 767 7177:
1262 706 1513 777 Quando
1558 707 1779 765 demum
1818 711 2078 779 veniam,
2134 719 2198 766 ct
2234 709 2580 788 comparebo

273 791 276 794 ¹
371 815 574 855 coram
596 794 779 867 facie
810 794 952 867 Dei,
989 794 1043 851 h.
1075 815 1125 849 e.
1162 775 1223 848 in
1257 809 1425 856 sacro
1455 795 1576 866 ejus
1603 794 1998 862 tabernaculo,
2025 796 2425 871 cultorumque
2458 797 2579 867 ejus

337 951 341 958 ‚
373 883 522 940 inibi
562 881 810 938 collecta
848 880 1159 949 concione,
1221 880 1281 934 in
1326 876 1534 951 quibus
1573 886 1694 934 tum
1734 896 1897 933 suam
1932 876 2090 934 Deus
2112 878 2387 951 faciem,
2445 877 2498 935 h.
2526 900 2580 935 ι·.

369 967 752 1043 praesentiam
786 964 1178 1022 exhibiturum
1219 962 1586 1037 promiserat.
1671 961 1814 1019 Post
1852 973 2070 1055 ,ἾΝἿΝΊ
2110 965 2354 1021 subaud.
2390 964 2580 1039 parti-

293 1107 300 1113 ,
371 1054 503 1108 cula
534 1067 662 1130 nn,
700 1069 803 1107 ceu
836 1057 1066 1107 constat
1096 1067 1171 1104 ex
1213 1046 1415 1105 lSam.
1460 1048 1514 1116 1,
1546 1047 1681 1117 22η,
1735 1048 1837 1104 ubi
1866 1030 2078 1104 Hanna
2112 1067 2229 1105 non
2263 1050 2334 1105 ad
2369 1050 2579 1105 festum

370 1136 697 1194 ascendisse
724 1135 959 1218 dicitur,
1001 1150 1180 1207 usque
1212 1132 1344 1188 dum
1375 1128 1687 1192 adduceret
1712 1132 1926 1203 filium,
1979 1142 2186 1196 ΠΝἾἎἹ
2224 1142 2294 1188 ut
2339 1133 2579 1211 compi..

371 1228 637 1291 ceretur,
677 1222 771 1276 vel
803 1227 1192 1291 compareret,
1240 1219 1402 1304 5770-7,
1451 1228 1612 1274 ’39-
1629 1228 1723 1276 ΠΝ
1762 1234 1964 1274 coram
1988 1198 2186 1288 Ῐᾶσῗε
2212 1215 2422 1275 Jovae.
2488 1215 2575 1274 Cf.

372 1303 486 1362 Ex.
527 1303 641 1375 34,
680 1303 781 1359 24.
833 1301 1011 1360 Deut.
1045 1300 1159 1370 16,
1199 1284 1322 1358 16.
1350 1279 1590 1371 31,11.
1675 1277 1920 1358 ffaciem
1963 1319 2103 1358 vero
2145 1300 2267 1359 Dei
2300 1323 2407 1380 pro
2447 1304 2576 1359 loco

371 1397 760 1446 conventuum
789 1405 1082 1444 sacrorum
1111 1387 1342 1443 solenni
1371 1386 1665 1461 usurpari,
1711 1397 1941 1443 constat
1968 1405 2042 1443 ex
2070 1385 2182 1444 Ex.
2205 1387 2310 1459 23,
2333 1389 2429 1449 15.
2465 1404 2578 1443 non

331 1472 784 1551 'conspicietur
824 1471 999 1530 facies
1029 1489 1156 1529 mea
1184 1488 1392 1528 vacue.
1448 1466 1535 1525 cf.
1567 1467 1662 1526 Ps.
1691 1472 1831 1542 100,
1862 1473 1924 1527 2.
1970 1481 2030 1528 et
2062 1481 2185 1528 not.
2213 1471 2289 1530 ad
2320 1473 2425 1544 24,
2453 1471 2515 1528 6.

539 1601 599 1655 4.
686 1595 871 1662 ‚7⁷:757
914 1631 1003 1641 -
1043 1606 1222 1689 3712'257
1264 1594 1419 1653 Sunt
1466 1596 1611 1654 mihi
1659 1593 1991 1674 lachrymae
2044 1616 2204 1654 meae
2247 1616 2371 1677 pro
2417 1616 2581 1676 pane

371 1686 493 1745 dies
532 1692 865 1759 noctesque.
949 1661 1167 1755 Canitss,
1205 1702 1266 1739 se
1303 1700 1375 1737 ex
1411 1680 1515 1739 illo
1553 1683 1838 1739 desiderio
1869 1685 1954 1739 ita
1985 1683 2273 1756 doluisse,
2333 1693 2398 1746 ut
2428 1681 2580 1740 nihil

371 1790 551 1848 aeque
579 1769 836 1839 libuerit,
869 1785 1039 1842 quam
1068 1766 1438 1844 lachrymari,
1478 1776 1535 1822 et
1569 1767 1629 1824 id
1658 1764 1780 1822 dies
1814 1779 2123 1842 noctesque
2157 1778 2224 1825 ut
2253 1764 2580 1844 lachrymas

366 1860 491 1932 jam
521 1872 642 1929 .pro
682 1852 812 1908 cibo
851 1850 1153 1923 habuerit,
1213 1868 1334 1907 non
1373 1853 1563 1926 minus
1604 1852 1828 1907 scilicet
1867 1853 2070 1927 cupide
2102 1854 2232 1909 illas
2261 1852 2582 1926 effundens,

372 1957 545 2017 quam
584 1938 714 2013 quis
752 1946 1019 1993 vescatur
1054 1937 1220 2009 cibo,
1274 1939 1433 1993 omni
1474 1937 1588 1992 cibi
1629 1935 1948 2005 desiderio,
2002 1955 2105 2012 per
2134 1937 2372 1994 nimiam
2400 1937 2583 1993 animi

371 2022 833 2101 aegritudinem,
891 2020 1224 2099 profligato.
1312 2019 1436 2077 Aut
1475 2017 1808 2095 lachrymas
1846 2039 2066 2098 panem
2111 2021 2228 2078 sibi
2267 2038 2395 2078 esse
2440 2020 2585 2077 dicit

372 2127 441 2166 ea
471 2107 541 2163 de
573 2123 779 2177 causa,
823 2108 962 2180 quia
989 2106 1217 2163 assidue
1251 2106 1314 2162 in
1346 2104 1662 2181 lachrymis
1692 2114 1850 2175 erat,
1901 2103 2375 2180 quemadmodum
2414 2106 2582 2181 panis

373 2192 444 2250 ad
482 2192 674 2247 cibum
702 2189 931 2247 assidue
966 2189 1303 2262 adhibetur3
1345 2201 1448 2248 aut
1479 2190 1640 2260 ideo,
1685 2189 1821 2266 quia
1855 2207 2161 2266 numquam
2195 2193 2319 2246 sine
2348 2188 2584 2266 lachry-

342 2278 483 2351 ⁴mis
527 2275 719 2332 cibum
764 2275 1040 2332 sumebat.
1125 2272 1281 2332 Huic
1328 2276 1456 2332 loco
1499 2277 1763 2353 geminus
1806 2284 1895 2331 est
1937 2276 2037 2346 80,
2070 2276 2128 2331 6.
2183 2274 2270 2332 Cf.
2311 2273 2581 2346 102,10.
2612 2307 2627 2324 κ

357 2360 499 2420 Job.
535 2361 595 2432 3,
625 2361 729 2419 24·
803 2359 972 2417 Ovid.
1002 2357 1238 2417 Metam.
1279 2363 1371 2432 10,
1405 2362 1548 2417 288.
1601 2377 1751 2415 cura
1794 2357 2071 2435 dolorque
2116 2360 2300 2415 animi
2341 2358 2588 2435 lachry-

370 2463 609 2522 maeque
635 2443 913 2500 alimenta
933 2443 1143 2517 suere.
1231 2458 1319 2506 727
1365 2440 1482 2525 ἿξΝ
1523 2447 1702 2527 ἾἏΝΞ
1729 2441 1885 2500 Dum
1922 2442 2068 2501 mihi
2098 2444 2404 2502 diceretur
2441 2463 2588 2520 quc-

377 2529 564 2600 tidie,
627 2527 861 2585 ubinam
904 2538 998 2587 est
1039 2528 1206 2587 Deus
1257 2528 1442 2586 tuas?
1512 2526 1673 2603 cujus
1721 2529 2006 2585 auxilium
2061 2540 2178 2587 tam
2228 2527 2588 2586 confidenter

365 2614 663 2689 jactabas,
702 2615 764 2670 in
796 2615 959 2687 cujus
992 2616 1335 2673 ceremoniis
1369 2625 1489 2671 tam
1518 2614 1734 2669 multus
1767 2611 1938 2672 eras?
2025 2613 2279 2712 indicat,
2321 2623 2388 2670 ut
2415 2631 2586 2689 prae·-

377 2783 460 2841 ad
495 2800 617 2851 me,
678 2780 735 2838 h.
772 2803 821 2839 e.
862 2783 998 2840 dum
1043 2780 1118 2840 ad
1159 2803 1249 2840 me
1297 2784 1530 2861 dicitur.
1614 2780 1913 2839 Infinitum
1944 2765 2231 2840 activuii'i
2242 2782 2588 2859 quandoque
2650 2814 2655 2827 ·

374 2878 643 2925 naturam
685 2868 849 2924 verbi
887 2868 1107 2944 passivi
1150 2868 1375 2938 induit,
1427 2870 1551 2925 sive
1590 2868 2055 2940 impersonaliter
2094 2869 2368 2942 ponitur,
2421 2877 2489 2923 ut
2522 2868 2589 2922 in

372 2954 477 3010 illo
505 2951 650 3010 Gen.
680 2953 862 3023 4,13.
900 2951 1096 3024 majus
1127 2961 1223 3008 est
1246 2960 1568 3033 peccatum
1602 2968 1786 3007 meum
1827 2954 2035 3046 &77'02723
2073 2969 2230 3031 prae
2255 2951 2594 3022 remittere,

374 3034 519 3095 1100.
556 3054 728 3117 quam
764 3045 832 3093 ut
862 3038 1220 3096 remittatur.

548 3166 605 3224 5.
689 3158 936 3220 Illorum
975 3182 1192 3220 memor
1235 3181 1361 3221 sum
1416 3171 1477 3220 ct
1516 3163 1755 3241 effundo
1813 3164 2067 3222 animam
2117 3180 2300 3219 meam
2355 3161 2421 3219 in
2477 3177 2594 3235 me,

376 3248 535 3326 quod
582 3249 901 3304 transirem
951 3267 1080 3306 cum
1124 3247 1537 3322 multitudine,
1605 3248 1933 3308 incederem
1974 3268 2104 3308 cum
2146 3248 2234 3304 eis
2281 3265 2464 3324 usqae
2508 3244 2599 3305 ad

374 3332 577 3390 aedem
605 3329 726 3388 Dei
755 3350 882 3391 cum
909 3350 1049 3390 voce
1084 3332 1302 3405 laudis,
1340 3337 1482 3396 22'787
1521 3337 1707 3419 γνοῖ-Ξ.
1721 3331 1900 3392 turba
1932 3332 2335 3412 tripudiante,
2376 3331 2595 3391 festum

377 3427 586 3494 agente
617 3412 763 3494 (vid.
797 3414 871 3472 ad
904 3415 1008 3491 35,
1030 3412 1141 3494 5.),
1174 3415 1229 3473 1ι.
1257 3437 1308 3475 e.
1343 3420 1513 3491 ejicio
1543 3399 1720 3474 semel
1751 3436 1974 3476 omnem
2007 3438 2201 3475 coram
2230 3418 2376 3476 Jova
2408 3418 2599 3474 animi

375 3511 636 3572 aestum,
681 3502 976 3576 questibus
1011 3512 1070 3559 et
1101 3502 1365 3578 precibus
1398 3511 1558 3559 totus
1586 3502 1852 3571 deditus,
1895 3523 2022 3560 cum
2057 3521 2278 3560 mecum
2307 3515 2601 3575 reputem,

381 3597 447 3643 ut
483 3585 732 3642 solebam
763 3604 977 3665 magno
1008 3605 1137 3643 cum
1168 3590 1396 3644 cumulo
1427 3588 1656 3644 domum
1681 3585 1859 3644 Jovae
1891 3597 2105 3660 petere,
2147 3598 2204 3644 et
2232 3588 2602 3663 quampluri-

380 3690 505 3729 mos
535 3671 637 3727 illo
665 3671 883 3746 pariter
911 3671 1137 3742 ducere,
1169 3690 1379 3748 eosque
1413 3680 1650 3728 ovantes
1679 3681 1735 3726 et
1763 3672 2083 3744 laudantes,
2112 3691 2313 3747 nempe
2344 3671 2602 3743 turbam,

382 3755 591 3812 festum
621 3755 740 3828 jam
786 3752 912 3812 Deo
952 3766 1231 3835 agentem.
1319 3756 1635 3832 Loquutio
1653 3755 1956 3831 effundere
2001 3758 2252 3814 animam
2295 3757 2440 3811 alias
2482 3765 2603 3827 est,

380 3841 621 3897 deficere
648 3839 837 3916 quoad
869 3858 1064 3898 omnes
1094 3841 1319 3898 animae
1351 3842 1537 3909 vires,
1592 3842 1832 3897 destitui
1859 3843 2040 3899 veluti
2071 3843 2300 3912 anima,
2355 3847 2423 3895 ut
2456 3831 2603 3896 Job.

381 3924 613 3997 30,16.
667 3924 870 3982 anima
904 3943 1031 3983 mea
1063 3927 1135 3984 in
1176 3943 1264 3982 me
1304 3924 1501 4000 effusa
1542 3923 2290 4003 est,comprel1enderunt
2333 3939 2421 3980 me
2465 3922 2606 3980 dies

382 4010 822 4085 angustiarum.
874 4010 1230 4085 Quandoque
1260 4019 1460 4066 tamen
1491 4008 1620 4088 ιύῠῃ
1660 4008 1792 4102 -Τῦέυ
1828 4009 2133 4086 effundere
2165 4011 2443 4080 animam,
2482 4017 2607 4080 est,

384 4095 594 4152 laxatis
628 4094 820 4152 dolori
847 4091 1104 4166 habenis,
1147 4112 1346 4152 omnes
1379 4096 1555 4164 semel
1569 4076 1846 4168 affectus,
1886 4113 2113 4151 omnem
2142 4095 2325 4151 animi
2351 4102 2611 4165 aestum,

383 4187 441 4234 et
474 4180 640 4253 quasi
667 4179 861 4254 ipsum
889 4197 1026 4252 cor,
1071 4179 1360 4255 querendo
1392 4174 1682 4236 effundere
1725 4175 2230 4260 (quemadmodum
2270 4186 2329 4234 et
2361 4193 2471 4232 nos
2505 4175 2613 4234 di-

385 4280 514 4319 cere
545 4264 826 4322 solemus:
870 4261 981 4321 das
1016 4260 1190 4320 Herz
1225 4258 1683 4360 ‘casaclaizttenffi
1773 4264 1877 4322 Sic
1911 4257 2342 4330 lsam.1‚15.
2385 4259 2612 4319 mulier

388 4355 612 4406 nioesta
651 4366 794 4426 ego,
847 4346 1087 4425 effundo
1131 4347 1388 4404 animam
1430 4356 1612 4406 meam
1653 4366 1856 4406 coram
1887 4345 2114 4409 Jova.
2138 4302 2357 4405 Thren.
2393 4347 2469 4416 2,
2499 4347 2613 4405 19.

1731 4504 1739 4531 Ι
