2807 4913
576 186 593 218 1

396 242 639 344 98’
1252 268 1760 376 Panem

403 459 508 539 qui
563 459 628 515 in
669 453 783 513 hac
830 463 1006 514 terra
1044 462 1187 512 sunt
1206 495 1227 526 ,
1278 455 1453 533 quod
1500 456 1760 526 attinet,
1818 466 1880 515 et
1920 455 2205 528 eximios,
2264 433 2631 531 praestantes

404 546 621 621 pietate
662 550 722 599 et
763 542 1084 598 virtutibus
1129 539 1301 615 hujus
1345 551 1565 612 terrae,
1629 542 1694 597 in
1735 538 1832 599 lais
1873 542 2060 600 omnic
2106 559 2234 599 mea
2285 540 2631 599 delectatio.

404 630 604 729 ltaque
647 643 849 684 sensus
892 635 1065 712 atque
1105 644 1290 683 nexus
1334 628 1451 683 erit
1489 628 1661 684 talis:
1722 621 1751 682 J
1761 645 1931 684 ovam
1977 636 2044 684 ut
2098 626 2287 684 solum
2331 624 2518 684 Deum
2568 638 2633 684 et

405 716 644 771 unicum
691 712 896 767 salutis
933 723 1095 768 meae
1108 718 1430 768 auctorem
1471 728 1719 769 veneror
1763 710 1892 788 (Vs.
1921 714 1981 769 2.
1991 709 2055 783 )‚
2096 719 2274 786 atque
2306 709 2381 767 ad
2424 730 2629 770 eorum

407 807 636 857 tantum
677 794 975 852 hominum
1020 797 1336 854 amicitiam
1380 812 1707 875 aggregare
1746 815 1839 853 me
1887 796 2081 870 soleo,
2149 813 2251 852 eos
2294 804 2521 853 tantum
2557 798 2627 853 in

405 883 593 958 pretio
625 879 855 936 habeo
839 881 1025 955 iisque
1056 879 1328 951 delector,
1373 883 1473 955 qui
1504 880 1672 937 illum
1701 882 1923 950 colunt,
1964 891 2024 936 et
2054 881 2317 957 insignes
2350 891 2490 937 sunt
2518 898 2631 937 sua

405 966 695 1042 probitate
736 960 867 1042 (Vs.
896 961 1017 1040 3.);
1080 984 1256 1041 quum
1298 974 1503 1022 contra
1536 964 1717 1022 Jovae
1751 974 2138 1024 contemtores
2179 964 2463 1038 detester-‚¹
2516 983 2630 1023 neo

407 1050 721 1128 quidquam
762 1066 893 1107 cum
940 1052 1035 1106 iis-
1056 1050 1389 1107 commercii
1431 1048 1688 1107 habeam.

576 1219 649 1275 4.-
721 1225 893 1279 anm:
932 1226 1073 1279 ἾΠΝ
1114 1220 1373 1305 tir-13:539
1411 1228 1556 1280 ann*
1608 1215 1982 1297 Multiplicee'
2023 1226 2205 1276 erant
2247 1216 2479 1276 dolores
2520 1235 2626 1275 eo·
2675 1235 2678 1238 ·

405 1323 572 1377 rum,
624 1301 731 1381 qai
768 1283 1054 1358 aliorsum
1074 1273 1408 1376 festinant.
1504 1280 1676 1361 Nom.
1720 1306 1938 1381 Πῆᾊζν
1981 1303 2315 1374 molestiae,
2369 1301 2624 1374 dolores,

408 1388 680 1454 nonnulli
723 1386 793 1443 de
832 1386 1045 1458 idolio,
1103 1386 1369 1443 cleastris
1415 1389 1741 1464 accipiunt3
1799 1383 1915 1444 se'd
1960 1389 2030 1447 de
2071 1388 2243 1446 idolis
2287 1395 2628 1446 constanter

409 1480 646 1558 nfra-32³2,
680 1489 974 1546 nunquam
1007 1474 1218 1548 τιῆᾶιζξ
1245 1470 1509 1530 adhiberi
1538 1473 1707 1545 solet,
1744 1473 1898 1549 quod
1932 1475 2217 1549 posterius
2246 1491 2373 1530 voc.
2398 1490 2624 1547 semper
2708 1493 2720 1501 ‘

408 1542 640 1615 dolores
682 1555 1014 1633 significat,
1071 1551 1357 1631 quomodo
1390 1565 1453 1613 et
1483 1570 1829 1632 acceperunt
1853 1559 2054 1630 Alex.
2096 1554 2364 1635 vulgat„
2410 1555 2621 1633 Syrus,

405 1643 645 1717 aliique.
729 1649 871 1701 ἿΠΝ
917 1642 1188 1697 nonnulli
1230 1638 1412 1696 alium
1453 1640 1645 1698 Deam
1685 1642 2010 1741 significari
2054 1642 2415 1700 existimant.
2502 1637 2625 1700 Sed

405 1726 554 1783 inud
591 1725 932 1781 vocabulum
977 1726 1235 1782 absolute
1279 1727 1565 1800 positum,
1622 1728 1785 1784 nullo
1832 1728 1897 1783 in
1942 1729 2071 1783 loco
2117 1727 2389 1804 designat
2425 1722 2624 1783 Deum

406 1810 618 1880 alium,
684 1810 805 1866 nisi
849 1827 964 1884 quo
1003 1808 1150 1867 Jova
1195 1810 1318 1885 ipse
1359 1811 1538 1868 verba
1578 1808 1799 1867 faciens
1844 1812 2009 1867 illum
2046 1810 2230 1868 alium
2270 1811 2503 1867 sibimet
2543 1829 2621 1867 ex

405 1894 649 1951 adverso
693 1900 908 1968 ponat,
967 1895 1150 1950 veluti
1193 1893 1308 1951 Jes.
1353 1895 1470 1965 42,
1503 1896 1563 1953 8.
1608 1896 1725 1967 48,
1763 1897 1862 1953 ll.
1946 1894 2446 1971 lnterpretandum
2492 1903 2622 1951 est:

404 1976 586 2034 aliam
631 1996 709 2033 sc.
754 1978 981 2050 locum,
1034 1979 1072 2035 i.
1106 1998 1153 2035 e.
1195 1976 1347 2047 alio,
1393 1978 1711 2050 aliorsum,
1749 1988 1819 2035 ut
1855 1997 2057 2035 sensus
2102 1981 2214 2035 sit·
2259 1976 2620 2054 multiplices

403 2078 472 2118 er
474 2065 582 2118 unt
618 2060 781 2119 dolor
783 2078 846 2117 ee
879 2080 1100 2134 eorum,
1139 2062 1243 2140 qai
1272 2060 1578 2135 aliorsum,
1615 2061 1675 2118 h.
1701 2083 1748 2119 e.
1780 2082 1899 2119 non
1928 2064 2002 2120 ad
2028 2057 2253 2135 Jovam,
2274 2061 2616 2133 festinant.

408 2144 688 2235 vam-,172
726 2165 900 2222 quum
921 2140 1285 2219 festinandi
1322 2147 1750 2228 significatione
1789 2148 1933 2204 allas
1966 2146 2416 2208 tantummodo
2398 2164 2463 2201 ιιι
2488 2143 2622 2203 Piel

405 2241 707 2305 occurrat3
756 2228 871 2288 Cal
907 2244 1097 2290 autem
1139 2234 1250 2291 Ex.
1280 2230 1510 2304 22‚1.5.
1552 2232 1804 2289 <letandi
1843 2234 2083 2290 notione
2117 2240 2446 2308 usurpetur,
2490 2228 2618 2288 fue-

402 2325 577 2389 runt,
634 2293 734 2393 qui
774 2327 1039 2374 nostrum
1074 2326 1247 2404 ηῆζςκι
1281 2316 1540 2374 donandi
1573 2318 2000 2396 significatione
2040 2317 2397 2391 acciperent,
2441 2313 2497 2371 h.
2526 2333 2573 2370 s.

404 2401 757 2480 multiplices
798 2411 977 2458 erunt
1007 2379 1247 2460 doloris
1278 2418 1508 2475 eoram,
1556 2403 1659 2480 qai
1705 2402 1958 2463 alienum
1989 2398 2184 2460 Deum
2224 2400 2394 2456 donis
2436 2416 2614 2456 vene-

408 2495 658 2559 rentur,
717 2489 819 2563 qui
872 2488 930 2543 ei
979 2487 1222 2544 donaria
1264 2496 1329 2547 et
1373 2486 1615 2545 munera
1662 2486 1924 2544 offerant.
2008 2487 2123 2545 Sed
2170 2485 2408 2545 verbum
2460 2482 2612 2542 illud

405 2589 688 2646 nusquam
728 2571 805 2628 ad
848 2572 1091 2628 donaria
1127 2573 1242 2629 diis
1288 2571 1483 2628 oblata
1525 2570 1904 2644 transfertui-3
1966 2571 2065 2629 sed
2104 2581 2329 2628 tantum
2369 2568 2438 2627 de
2474 2569 2614 2626 dote

403 2665 753 2730 usurpatur,
803 2673 919 2731 qua
955 2656 1189 2714 illorum
1228 2656 1573 2732 populorum
1610 2675 1771 2713 more
1806 2675 2017 2733 sponsa
2045 2658 2211 2733 quasi
2243 2655 2355 2713 emi
2383 2656 2619 2713 soleret.

404 2740 598 2806 Quare
631 2739 935 2796 retinenda
969 2749 1057 2796 est
1082 2739 1442 2812 festinandi
1478 2742 1665 2812 notio,
1707 2760 1883 2816 quum
1914 2752 1972 2800 et
2003 2746 2066 2800 in
2100 2743 2234 2798 aliis
2273 2741 2463 2797 verbis
2502 2737 2621 2801 Gal

402 2831 463 2879 et
487 2820 621 2881 Piel
652 2823 989 2902 significatu
1028 2828 1399 2883 conveniant·
1459 2831 1584 2911 027⁷:
1627 2832 1870 2918 ΟΠἾξιῦῦ
1902 2830 2130 2910 27³5&-
2148 2821 2226 2889 ⁷:22
2259 2821 2389 2882 Non
2418 2821 2611 2880 libabo

401 2905 684 2964 libamina
727 2925 927 2965 eoram
968 2927 1046 2966 ex
1086 2912 1396 2987 sanguine.
1480 2913 1512 2969 1
1534 2913 1588 2970 b
1628 2905 1750 2996 -70'2
1790 2919 1879 2966 est
1918 2892 2288 2982 sacrificiale‚
2333 2918 2610 2985 notatque

380 2991 743 3067 effusionem
780 2991 1081 3052 libaminis
1122 2995 1186 3052 in
1220 2995 1496 3054 honorem
1533 2998 1627 3054 vel
1658 2995 1783 3051 veri
1813 2992 1926 3051 Dei
1967 2994 2165 3070 (Num.
2201 2993 2299 3069 15,
2333 2991 2480 3051 5.7.
2514 2997 2609 3051 10.

399 3078 505 3148 28,
537 3077 596 3133 7.
655 3078 999 3151 2Sam.23‚
1030 3081 1129 3138 16.
1185 3079 1385 3160 2Reg‘.
1427 3081 1529 3154 16,
1566 3073 1745 3154 13.),
1800 3081 1892 3138 vel
1938 3079 2109 3151 falsi,
2167 3088 2235 3136 ut
2270 3078 2386 3136 Jer.
2420 3080 2480 3152 7,
2514 3081 2608 3139 18.

405 3160 505 3231 19,
541 3161 638 3221 13.
681 3165 785 3236 32,
813 3164 913 3221 29.
951 3166 1189 3238 49,17.
1232 3176 1290 3222 et
1325 3164 1379 3222 h.
1411 3168 1450 3225 1.
1535 3162 1704 3233 Quod
1738 3182 1876 3223 vero
1912 3167 2014 3221 illa
2050 3165 2322 3221 libamina
2358 3183 2436 3220 ex
2471 3182 2612 3223 ean-

395 3244 577 3319 guine
606 3266 729 3306 esse
763 3248 1060 3323 dicuntur,
1105 3252 1164 3308 id
1194 3252 1296 3307 alii
1329 3250 1611 3329 proprie,
1657 3249 1760 3305 alii
1793 3249 2090 3306 translate
2124 3249 2438 3324 accipiunt.
2496 3248 2615 3316 Qui

398 3330 565 3403 prius
608 3343 910 3408 statuunt,
981 3337 1248 3433 cogitant
1292 3336 1361 3392 de
1407 3335 1691 3409 sanguine
1738 3333 1801 3389 in
1859 3332 2236 3393 deastrorum
2277 3332 2610 3406 sacrifieiis

396 3412 784 3516 effundendo,
843 3424 938 3478 vel
978 3421 1151 3477 etiam
1196 3420 1265 3477 de
1305 3421 1588 3495 sanguine
1630 3418 1842 3474 mixto·
1927 3419 1995 3477 ld
2036 3424 2189 3475 enim
2222 3417 2370 3492 apud
2405 3427 2610 3496 gentes

395 3499 670 3574 aliquas
655 3521 716 3560 ιιι
748 3522 856 3560 usu
883 3504 1035 3577 fuit,
1082 3514 1148 3561 ut
1176 3507 1520 3583 sanguinem
1553 3518 1661 3575 pro
1694 3504 1873 3575 vino,
1918 3512 2022 3562 aut
2056 3505 2229 3560 etiam
2265 3504 2610 3579 sanguinem

393 3583 536 3640 'vino
588 3588 872 3661 mixtum,
945 3592 1008 3646 in
1051 3588 1393 3665 quibusdam
1444 3587 1746 3644 sacrificiis
1796 3588 2066 3647 libarent.
2152 3588 2267 3654 Qui
2326 3588 2609 3643 translate

392 3667 573 3726 verba
601 3682 805 3729 nostra
833 3676 1148 3748 accipiunt,
1193 3673 1472 3730 libamina
1514 3671 1572 3731 h.
1608 3670 1649 3728 l.
1689 3690 1791 3747 per
1824 3670 2222 3748 synecdochen
2248 3670 2366 3728 dici
2397 3678 2608 3747 putant

390 3769 537 3828 pro
554 3757 830 3815 universo
881 3778 1093 3837 genere
1130 3752 1586 3827 sacrificiorum,
1647 3774 1826 3831 eaque
1871 3766 2140 3814 cruenta
2167 3757 2396 3827 vocari,
2452 3754 2608 3828 quod

390 3853 571 3913 aeque
603 3841 724 3897 sint
755 3841 1115 3900 detestabilia
1141 3842 1378 3919 Deoque
1414 3844 1670 3923 ingrata,
1709 3859 1780 3903 ac
1815 3843 1869 3898 si
1900 3844 2027 3899 vini
2061 3844 2208 3913 loco,
2241 3840 2396 3914 quod
2429 3839 2611 3896 fuerit
2663 3864 2668 3865 ff

388 3919 519 4000 lege
558 3925 759 3982 divina
787 3929 1112 3998 sancitum,
1154 3928 1393 4009 sanguis
1425 3926 1500 3983 ad
1535 3945 1604 3984 ea
1637 3925 1847 3982 fuisset
1872 3925 2188 3985 adhibitus·
2273 3922 2437 3980 Alex.
2474 3941 2607 3980 ver·

358 4005 500 4063 ..titz
547 4003 633 4069 οὐ
665 4006 748 4091 μὴ
790 4003 1106 4090 συναγόγω
1144 4011 1253 4078 τὰς
1295 4033 1649 4103 omaymyac
1688 4004 1892 4070 αὖτῶν
1932 4013 1992 4082 ἐξ
2028 4002 2318 4084 αἱμάτων,
2363 4008 2607 4085 Vulgat.

338 4148 339 4151 ,
384 4092 504 4145 bon
552 4094 924 4172 congregabo
983 4095 1394 4153 conventicula
1451 4102 1651 4154 eorum
1710 4094 1781 4151 cle
1841 4094 2250 4172 sanguinibus.
2354 4093 2609 4152 Sensum

379 4178 673 4265 expressit
696 4182 897 4252 Alex„
932 4199 1173 4255 eumque
1206 4179 1281 4238 ad
1310 4182 1540 4238 sceleris
1569 4181 1909 4237 societatem
1944 4182 2165 4237 retulit.
2251 4183 2470 4265 ωεις-
2491 4171 2604 4254 ²:23

379 4239 484 4316 ‘m
531 4261 692 4335 quin·
713 4266 892 4322 etiam
929 4262 1076 4336 milii
1124 4266 1249 4322 erit
1291 4263 1540 4341 religia,
1593 4282 1795 4321 eorum
1838 4263 2128 4320 hominnm
2171 4265 2408 4323 nomina
2442 4280 2604 4338 pro-

360 4337 585 4417 fvrro,
638 4357 703 4405 ut
739 4360 895 4409 recte
932 4349 1134 4410 Aben-
1148 4350 1300 4411 Esra
1332 4351 1602 4426 explicat.
1690 4347 1974 4409 Suffixum
2016 4348 2175 4409 enim
2214 4348 2290 4408 ad
2331 4344 2614 4404 homines
