2807 4913
969 298 1093 367 Ps.
1140 296 1262 382 50,
1325 294 1667 390 14—17.
2046 359 2051 362 .
2276 297 2430 372 329

211 485 412 561 plures
452 483 618 544 mm
646 488 859 559 putant
889 499 995 558 pro
1038 483 1261 571 ffl‘mrg
1298 489 1424 568 573?
1461 481 1777 556 sacrificio
1813 479 2241 558 eucharistico,
2284 485 2425 546 Lev.

219 569 452 641 7,12.,
498 551 787 643 positum,
830 569 997 644 quasi
1031 548 1304 643 respiciat
1346 577 1509 625 vates
1553 561 1854 646 ‘praecepta
1893 568 2017 625 illic
2059 572 2422 650 consignata.

214 654 382 721 Quae
410 654 696 709 sententia
724 660 915 709 tamen
951 653 1226 709 carminis
1258 671 1433 727 scopo
1475 653 1641 726 plane
1679 652 1974 711 adversari
2004 653 2271 726 videtur,-
2320 657 2424 731 qui

213 734 332 795 hoe
366 738 563 809 potius
596 754 632 793 a
662 735 824 808 Deo,
865 737 967 813 qui
998 739 1237 813 loquens
1273 735 1700 810 introducitur,
1748 737 1863 795 dici
1903 737 2136 795 suadet.
2192 749 2451 812 praesta-

214 820 650 895 ruminandam,
695 824 1020 901 gratiarum
1047 822 1370 890 actionem,
1410 823 1835 879 invocationem
1862 820 2118 894 fidelem,
2157 821 2267 879 hoc
2307 827 2424 882 erit

212 906 364 963 mihi
392 904 772 980 sacrificium,
816 904 927 962 hoc
953 905 1171 963 habebo
1198 904 1472 962 sacrificii
1505 907 1669 978 loco,
1714 906 1869 983 quod
1898 915 1987 963 est
2014 907 2206 965 cordis
2236 909 2423 965 sacri-

212 989 446 1061 ficium,
488 998 545 1046 et
576 990 860 1063 propheta
898 987 1063 1068 (Hos.
1095 991 1193 1061 14,
1221 985 1307 1068 3.)
1344 989 1559 1047 vitulos
1598 988 1884 1091 labiorum
1925 1001 2117 1048 vocat.
2201 988 2290 1049 cf.
2325 991 2419 1050 Ps.

217 1165 408 1248 ’.ΓἾἻΞ
454 1166 518 1214 et
545 1159 824 1237 persolve
866 1167 1011 1218 vota
1052 1167 1160 1215 tua
1192 1158 1524 1217 Altissimo.
1607 1160 1687 1218 Et
1724 1159 1820 1216 hic
1860 1160 2053 1235 plures
2083 1139 2270 1217 intelli
2274 1110 2395 1240 girh

217 1226 537 1315 sacrificia
573 1260 652 1300 ea·
694 1253 833 1301 voto
877 1252 1139 1319 suscepta
1184 1239 1487 1320 (Levit.7,
1519 1239 1670 1321 16..)
1754 1244 1870 1303 Sed
1909 1261 2017 1300 nos
2057 1241 2211 1302 haud
2251 1246 2423 1302 dubi·

216 1333 408 1384 tamus
452 1346 578 1385 esse
622 1324 763 1387 haec
811 1322 1195 1407 σαφηνισμόν
1234 1346 1435 1385 eorum
1479 1345 1624 1405 quae
1667 1338 2134 1427 praecesserunt,
2189 1338 2256 1386 ut
2300 1330 2425 1387 sint

215 1420 365 1469 vota
395 1410 595 1471 laudes
623 1421 683 1469 et
711 1415 1036 1491 gratiarum
1070 1414 1329 1470 actiones
1359 1430 1435 1469 ex
1464 1415 1659 1470 animo
1684 1433 1819 1471 vere
1847 1413 1946 1489 pio
1977 1412 2285 1487 profectae.

391 1525 488 1585 15.
560 1529 729 1596 Quod
758 1548 879 1587 non
906 1538 1026 1587 tam
1056 1527 1362 1600 sacrificia,
1405 1527 1506 1586 sed
1530 1530 1724 1605 potius
1756 1545 1954 1602 preces
1984 1527 2197 1586 fiducia
2224 1518 2421 1605 plenas

215 1620 280 1672 et
323 1611 454 1687 pias
496 1616 818 1692 gratiarum
858 1616 1116 1672 actiones
1159 1620 1361 1692 poscat
1403 1610 1602 1688 Deus,
1669 1614 1944 1671 disertius
1984 1615 2260 1689 exprimit
2308 1612 2422 1672 hoc

215 1693 440 1754 Versu.
492 1693 718 1756 Invoca
759 1717 882 1772 me,
928 1707 1206 1775 tanquam
1233 1695 1419 1754 Deum
1451 1706 1615 1756 tuum
1653 1708 1711 1757 et
1742 1707 2130 1771 servatorem,
2174 1697 2269 1758 dio
2314 1717 2421 1755 an-

213 1782 495 1857 gustiae,
543 1792 669 1839 tum
698 1785 852 1841 enim
887 1784 1138 1864 eripiam
1179 1791 1276 1853 te,
1323 1789 1386 1838 et
1420 1779 1740 1842 honorabis
1779 1800 1895 1856 me,
1936 1783 1979 1840 i.
2007 1803 2056 1839 e.
2091 1792 2158 1841 ut
2190 1801 2423 1841 causam

214 1863 430 1923 habeas
474 1885 566 1923 me
613 1869 939 1927 celebrandi
990 1877 1049 1942 et
1099 1863 1322 1946 gratias
1369 1865 1515 1925 mihi
1553 1871 1803 1948 agendi3
1873 1865 1949 1924 cf.
1990 1867 2144 1926 infra
2185 1866 2281 1925 Vs.
2313 1869 2419 1926 23.

214 1947 544 2007 Honor-are
583 1951 774 2031 (πω)
814 1951 1004 2010 Deum
1028 1954 1215 2024 valet,
1258 1971 1389 2009 eum
1421 1953 1684 2011 laudibus
1717 1974 1824 2034 pro
1852 1955 2101 2030 acceptis
2130 1953 2424 2013 beneficiis

216 2035 530 2110 celebrare,
569 2044 637 2094 ιιι
669 2036 824 2094 infra
859 2039 961 2110 89,
988 2036 1045 2095 6.
1086 2036 1199 2097 Jes.
1226 2037 1330 2109 43,
1357 2039 1463 2094 20.

393 2147 492 2204 16.
574 2144 819 2204 Peracta
844 2146 1247 2223 objurgatione
1276 2163 1476 2203 eorum
1492 2184 1512 2215 ,
1554 2145 1657 2223 qui
1681 2146 1969 2205 sacrificia
1992 2147 2222 2224 quidem
2250 2147 2426 2209 offer·
2468 2191 2479 2196 -

215 2241 386 2303 rent,
434 2230 540 2289 sed
575 2249 694 2289 non
725 2232 1122 2311 intelligerent
1149 2249 1271 2289 rem
1288 2270 1309 2304 ,
1362 2238 1423 2287 et
1460 2239 1763 2307 putarent,
1818 2250 1880 2289 se
1917 2231 2044 2290 Deo
2085 2234 2424 2295 beneficium

215 2315 492 2376 exhibere
532 2315 945 2389 sacrificando,
1017 2327 1079 2373 et
1121 2332 1294 2388 opere
1337 2324 1578 2387 operato
1624 2326 1864 2390 peccato)
1901 2317 2130 2389 eluere,
2192 2320 2263 2376 in
2304 2337 2421 2394 quo
2474 2335 2477 2338 ’

218 2419 431 2483 genere
451 2400 673 2478 aliquid
703 2410 894 2459 tamen
922 2399 1111 2459 adhuc
1135 2402 1368 2478 pietatis
1398 2409 1521 2474 est,
1565 2408 1624 2458 et
1652 2400 1785 2477 plus
1816 2402 2053 2475 erroris,
2091 2420 2261 2480 quam
2292 2405 2424 2462 cul-

217 2502 366 2564 pae3
405 2488 526 2560 jam
553 2485 628 2544 ad
658 2484 816 2542 aliud
845 2483 1141 2544 hominum
1174 2483 1356 2563 genus
1389 2485 1784 2560 convertitur,
1825 2488 2137 2563 impiorum
2161 2506 2424 2564 prorsus,

220 2573 327 2649 qui
371 2589 545 2646 quum
589 2589 662 2628 ne
705 2579 910 2627 curent
952 2571 1182 2647 quidem
1222 2567 1444 2642 Deum,
1513 2581 1573 2627 et
1625 2571 1806 2629 vitam
1859 2571 2077 2651 degant
2125 2573 2425 2633 facinoro-

217 2673 348 2713 sam
389 2666 449 2713 et
491 2673 851 2731 perversam,
916 2664 1108 2717 tamen
1140 2656 1294 2733 leges
1328 2656 1556 2712 divinas
1588 2673 1809 2730 semper
1847 2657 2015 2731 pleno
2049 2675 2149 2716 ore
2179 2659 2425 2731 iactant.

218 2751 388 2832 'fal-l
376 2770 451 2782 —
487 2736 695 2800 »ιζέῆέι
728 2736 1002 2825 Improba
1032 2747 1230 2796 autem
1257 2737 1412 2795 dicit
1439 2737 1643 2797 Deus:
1682 2739 1829 2816 quid
1858 2739 1941 2798 ad
1969 2750 2050 2813 te,
2080 2751 2151 2799 ut
2175 2757 2426 2800 enarres

127 2857 146 2866 κ
220 2808 467 2884 statuta
507 2803 693 2882 mea?
743 2842 920 2901 quare
955 2833 1018 2881 tu
1050 2825 1396 2881 cerimonias
1430 2842 1587 2881 meas
1617 2821 1938 2884 memoras?
1982 2826 2122 2903 quid
2150 2827 2263 2885 tibi
2291 2846 2427 2886 cum

162 2911 186 2928 ⁴
216 2908 553 2967 cerimoniis
583 2911 749 2981 meis,
786 2917 852 2965 ut
880 2909 950 2967 de
979 2907 1070 2965 his
1097 2907 1383 2964 faciundis
1413 2905 1730 2987 gloriaris?
1803 2904 1951 2999 ''gb-
1969 2920 2064 2971 27⁷2
2101 2909 2260 2981 Quid
2289 2911 2428 2984 tibi,
2457 2972 2461 2978 ,

216 2995 346 3051 scil.
391 2987 518 3049 est'i
586 2993 723 3069 quid
769 2993 841 3049 ad
885 3003 941 3050 te
986 2987 1235 3050 attinet?
1318 2989 1497 3082 ’Ἶῼῦξ
1551 2993 1651 3052 Ad
1687 2972 2120 3068 enarrandum,
2176 2996 2219 3052 i.
2259 3015 2314 3056 e.
2355 3005 2426 3053 ιιι

219 3095 495 3147 enarres,
562 3078 833 3135 videlicet
861 3077 1155 3135 simulata
1213 3085 1648 3151 praeceptorum
1692 3079 2026 3137 'divinorum
2069 3080 2426 3153 laudatione,

214 3163 453 3242 publica
486 3161 575 3218 vel
610 3163 840 3238 privata
879 3162 1114 3219 illarum
1153 3159 1680 3249 commendatione3
1741 3164 1894 3221 unde
1937 3164 2199 3241 plerique
2239 3166 2426 3223 inter-

215 3256 414 3327 pretes
453 3243 595 3304 haec
630 3247 807 3304 verba
845 3249 1149 3322 praecipue
1191 3247 1255 3302 in
1293 3244 1467 3324 Legis
1505 3227 1798 3307 studiosos
1833 3250 2163 3326 peritosque
2205 3249 2429 3308 directa

215 3339 454 3408 putant.
541 3325 839 3421 ηιξ-ἦξε
889 3339 1091 3390 uva:
1146 3335 1337 3418 &19177-
1379 3330 1466 3388 Et
1508 3340 1577 3388 ut
1619 3350 1887 3390 assumas
1925 3351 2109 3412 super
2152 3350 2218 3390 os
2260 3342 2426 3390 tuum

201 3414 441 3493 foedus
479 3413 705 3472 meum?
760 3396 1046 3491 qu’omodo
1075 3396 1281 3487 audes,
1313 3397 1528 3473 'foedus
1566 3434 1750 3474 meum
1784 3438 1885 3475 ore
1909 3413 2166 3491 jactare?
2238 3417 2427 3494 Repe-

218 3501 395 3559 tenda
428 3508 518 3557 est
550 3501 935 3579 interrogatio
981 3494 1267 3592 τιἈ-πλι.
1348 3500 1670 3558 Assumere
1698 3513 1890 3559 autem
1921 3519 2103 3579 super
2146 3519 2214 3559 os
2257 3508 2426 3561 suam

218 3582 485 3662 aliquid,
550 3595 670 3658 est,
733 3585 802 3641 de
848 3566 1066 3641 eodem
1094 3584 1294 3641 crebro
1334 3585 1530 3660 loqui,
1599 3583 1661 3642 id
1708 3586 1908 3643 crebro
1949 3605 2297 3659 memorare,
2356 3596 2427 3644 ut

217 3672 422 3746 itaque
448 3687 773 3747 synonyma
807 3672 927 3726 sint
955 3677 1086 3730 ἿΞῦ
1118 3677 1176 3725 et
1207 3678 1295 3728 rm
1332 3664 1409 3731 *23³
1437 3673 1582 3730 &im
1626 3669 1716 3728 Ita
1746 3670 1959 3729 2Sam.
1983 3673 2080 3744 13,
2096 3673 2194 3728 32.
2227 3668 2429 3751 ιιι-»ξ

221 3771 409 3831 super
446 3771 548 3810 ore
587 3752 871 3811 Absaloni
911 3763 1049 3810 erat
1061 3736 1372 3832 positam,
1412 3757 1451 3811 i.
1481 3774 1528 3810 e.
1540 3740 1756 3813 crebro
1788 3757 1872 3812 ita
1899 3757 2245 3814 minabatur.
2309 3755 2424 3813 Jer.

223 3839 330 3911 12,
357 3839 417 3894 2.
457 3837 875 3917 proposuisti
905 3839 1001 3894 ori
1027 3856 1245 3910 eorum,
1280 3839 1388 3896 sed
1415 3838 1581 3918 longe
1610 3859 1648 3897 a
1680 3839 1918 3898 renibus
1945 3858 2166 3913 eoram,
2198 3841 2428 3897 assidue

220 3922 295 3981 de
338 3932 397 3980 te
437 3924 791 4000 loquuntur,
851 3921 950 3979 sed
990 3924 1161 3980 corde
1200 3942 1307 3981 suo
1350 3935 1408 3980 te
1445 3942 1565 3981 non
1607 3935 1836 3983 curant.
1917 3922 2185 3997 Foedus,
2228 3935 2431 4017 ΠἿἾΞ,

216 4006 281 4066 h.
314 4010 357 4067 l.
397 4027 506 4085 pro
539 4007 891 4086 praeceptis
925 4006 1167 4079 divinis,
1205 4009 1325 4066 vid.
1359 4009 1433 4065 ad
1471 4009 1564 4068 Ps.
1594 4012 1698 4084 25,
1730 4011 1828 4067 lo.
2468 4012 2483 4018 '

402 4118 494 4173 17.
582 4126 749 4178 *72:7⁷2
789 4120 962 4203 QMU
1003 4126 1181 4179 *nm
1223 4115 1310 4174 Et
1353 4127 1419 4175 tu
1463 4116 1650 4176 odisti
1686 4118 2151 4193 correctionem3
2200 4116 2432 4194 empha-

219 4201 339 4261 tice
378 4180 678 4258 adhibuitnr
684 4219 851 4277 pron.
889 4183 1107 4293 fitam,
1162 4222 1218 4278 q·
1251 4202 1306 4262 d.
1349 4210 1413 4258 et
1453 4212 1519 4259 tu
1565 4204 1696 4282 ipse
1738 4213 1964 4276 tamen,
2015 4205 2117 4281 qui
2154 4205 2432 4262 continuo

189 4282 410 4365 *legem
443 4306 625 4347 nicam
662 4304 761 4342 ore
787 4270 1008 4360 jactare
1039 4269 1224 4360 soles,
1282 4297 1550 4366 proterve
1589 4298 1780 4346 tamen
1820 4288 2057 4347 eandem
2095 4290 2432 4348 contemnis.

215 4369 453 4433 Nomen
485 4381 652 4435 ''70772
689 4370 905 4429 dieitur
937 4371 1007 4431 de
1042 4374 1478 4455 castigatione,
1513 4383 1638 4432 tum
1673 4372 1967 4450 violenta,
2008 4393 2154 4456 quae
2192 4374 2262 4434 fit
2292 4390 2436 4432 ver-
