2807 4913
390 300 546 373 412
1052 337 1055 340 ·
1266 300 1393 368 Pe.
1445 294 1569 385 68,
1620 297 1739 363 3ι.

389 489 771 566 contingant3
829 487 991 560 cujus
1023 483 1113 542 rei
1140 484 1372 541 illustre
1401 484 1724 560 exemplum
1754 493 2137 543 memoratum
2169 495 2259 541 est
2297 483 2512 544 2Sam.
2544 486 2607 557 8,

388 575 448 634 6.
475 577 569 632 11.
641 572 867 631 Nomen
902 568 1068 631 '2:³27
1102 568 1202 644 (de
1233 588 1348 646 quo
1378 570 1496 627 vid.
1522 570 1626 641 27,
1651 569 1740 641 4.)
1780 571 1844 626 in
1874 570 2210 627 universum
2244 569 2313 627 de
2347 572 2606 627 sacrario

387 658 569 719 Jovae
601 659 841 728 dicitur,
883 673 1005 713 ιιοιι
1034 664 1263 750 tantum
1302 655 1370 710 de
1407 655 1621 731 templo
1654 651 1945 731 lapidibus
1978 664 2302 712 exstructo.

560 828 667 885 31.
751 833 869 915 Ἴξέι
909 821 1135 896 Perde,
1191 834 1262 882 ut
1302 821 1402 880 Ps.
1435 826 1495 897 9,
1528 821 1626 896 6.
1686 823 1788 881 ubi
1824 832 1947 880 not.
1977 821 2097 884 vid.
2182 824 2304 882 Alii
2314 825 2604 908 increpa,

390 914 435 970 i.
465 931 516 975 e.
561 930 759 969 severe
796 889 1033 982 cohibe,
1077 919 1136 966 et
1170 927 1495 985 compesce,
1556 907 2031 984 quemadmodum
2059 910 2217 986 regis
2248 917 2351 966 aut
2380 910 2604 966 domini

386 995 674 1054 tremendi
709 995 1105 1092 increpatione
1147 1004 1274 1051 tota
1313 992 1670 1050 cohorrescit
1707 993 1931 1049 familia
1970 1001 2073 1049 aut
2108 995 2337 1073 regium
2378 993 2602 1050 satelli·
2655 1041 2662 1048 ,

388 1083 557 1138 tium.
618 1080 720 1138 Sic
748 1079 1087 1155 increpare,
1120 1080 1161 1135 i.
1189 1100 1237 1136 e.
1267 1078 1533 1135 cohibere
1563 1076 1725 1135 Deus
1759 1079 1972 1135 dicitur
1997 1095 2184 1150 mare,
2216 1077 2312 1134 Ps.
2339 1079 2600 1149 107,10.

386 1177 447 1223 et
481 1165 677 1223 hostes
720 1163 812 1220 Ps.
843 1165 944 1234 80,
973 1164 1072 1219 17.
1118 1164 1229 1221 Jes.
1266 1166 1364 1236 17,
1396 1163 1492 1222 13.
1576 1161 1728 1222 De
1712 1174 1844 1253 ἼᾏΡ
1884 1175 2017 1223 η’·Γι
2058 1159 2223 1219 Fera
2265 1162 2602 1235 arundinis,

384 1252 593 1328 plures
623 1258 762 1307 sunt
802 1249 1182 1324 interpretum
1224 1249 1609 1323 conjecturae.
1690 1233 1844 1307 Alii
1854 1248 2195 1305 existimant
2237 1266 2454 1326 aprum
2499 1249 2602 1304 illa

385 1337 769 1412 appellatione
798 1332 1154 1413 significari,
1202 1343 1508 1410 propterea
1543 1332 1698 1410 quod
1728 1336 1859 1411 apri
1887 1330 2149 1389 cubilia
2131 1351 2194 1388 ιιι
2227 1333 2598 1389 arundinetis

383 1423 577 1477 solent
613 1418 862 1490 habere,
925 1428 985 1474 et
1027 1428 1201 1499 5227:
1244 1428 1398 1481 *mn
1434 1435 1624 1496 pereo
1667 1436 1700 1473 e
1745 1418 1949 1495 sylva,
2006 1435 2055 1473 s.
2094 1418 2403 1493 sylvestri,
2454 1416 2511 1474 h.
2542 1436 2598 1473 e.

384 1523 571 1579 apro,
624 1503 936 1561 Israelitici
976 1485 1201 1579 populi
1219 1483 1416 1560 hostes
1460 1507 1634 1560 etiam
1681 1505 1784 1576 80,
1824 1506 1915 1561 14.
1961 1511 2395 1575 comparantur.
2478 1502 2600 1560 Alii

380 1590 757 1669 Aegyptum,
827 1604 930 1644 seu
971 1606 1169 1665 regem
1209 1588 1462 1666 Aegypti
1517 1589 1688 1644 innui
1731 1595 2043 1664 putarunt3
2114 1588 2367 1666 imagine
2422 1585 2600 1643 ducta

308 1719 315 1728 .
382 1694 421 1732 a
451 1673 771 1746 crocodiIO,
808 1671 1007 1728 incola
1038 1671 1194 1743 Nili,
1234 1672 1622 1729 arundinibus
1662 1675 1875 1730 consiti
1916 1666 2064 1752 (Jes.
2092 1673 2194 1744 19,
2221 1667 2333 1748 6..)
2422 1668 2598 1739 Quod

381 1761 571 1838 ipsum
611 1758 826 1817 animal
868 1757 1044 1814 etiam
1083 1756 1155 1812 ab
1186 1754 1492 1815 Ezechiele
1526 1754 1664 1834 Cap.
1693 1760 1797 1830 49,
1825 1758 1883 1813 3.
1909 1761 1969 1814 4.
2013 1759 2117 1830 32,
2144 1759 2203 1813 2.
2230 1757 2289 1813 3.
2336 1774 2444 1831 pro
2479 1754 2598 1812 Ae-

381 1847 554 1926 gypti
580 1844 834 1921 imagine
861 1849 1197 1916 usurpatur.
1284 1840 1403 1900 Sed
1435 1851 1711 1917 tempore,
1752 1861 1865 1918 quo
1901 1842 2077 1899 hocce
2108 1859 2344 1900 carmen
2371 1842 2595 1898 editum

380 1940 471 1988 est
501 1928 854 1998 verisimile,
897 1921 1165 1982 infenso
1157 1946 1298 2006 erga
1323 1925 1704 1984 israeliticam
1735 1927 2170 2000 rempublicam
2183 1928 2381 1984 animo
2411 1926 2592 1983 fuisse

370 2014 707 2093 Aegyptum
740 2013 911 2085 plane
941 2027 1065 2066 non
1092 2021 1354 2079 constat3
1399 2019 1460 2068 et
1483 2010 1581 2067 Vs.
1600 2012 1698 2067 32.
1727 2013 2002 2090 Aegyptii
2033 2014 2210 2068 etiam
2242 2023 2308 2069 ut
2337 2013 2592 2069 cultores

380 2106 441 2154 et
468 2097 852 2156 admiratores
881 2094 1058 2158 Jovae
1084 2106 1497 2153 memorantur.
1558 2093 1973 2153 Praetermitto
2003 2099 2365 2169 conjecturas
2395 2098 2590 2172 plures

370 2187 545 2256 alias.
604 2184 992 2256 Quaecunque
1016 2180 1240 2238 demum
1268 2173 1523 2257 ponatur
1554 2180 1697 2252 fera,
1736 2180 1909 2237 dubio
1941 2182 2149 2238 saltem
2183 2191 2362 2254 caret,
2405 2190 2590 2236 meta-

377 2268 619 2346 phorica
646 2267 990 2343 loquutione
1017 2265 1340 2343 significari
1368 2265 1591 2322 hostem
1623 2267 1809 2323 divini
1833 2268 2174 2345 regiminis,
2231 2268 2269 2322 i.
2303 2287 2353 2323 e.
2384 2267 2588 2337 reipu-

374 2354 559 2412 blicae
592 2352 963 2410 Israeliticae.
1035 2349 1104 2407 Si
1135 2352 1236 2427 qui
1264 2369 1464 2427 porro,
1506 2352 1730 2427 qualem
1762 2353 2058 2425 speciatim
2086 2348 2282 2408 David
2314 2368 2588 2427 respexe-

373 2440 481 2513 rit,
522 2437 879 2515 investigare
906 2435 1206 2509 laborent,
1246 2437 1353 2494 vix
1379 2435 1695 2513 quidquam
1723 2438 1879 2495 ultra
1907 2433 2250 2493 fluctuantis
2289 2435 2585 2513 opinionis

374 2533 649 2583 conatum
674 2520 1091 2596 promoverint·
1153 2528 1315 2601 Β7739
1345 2518 1527 2609 35392.
1564 2529 1803 2600 nffiffltg
1837 2533 1964 2580 ww
1996 2519 2241 2576 Coccum
2269 2532 2585 2581 taurorum

375 2627 507 2666 cum
546 2607 756 2665 vitulis
790 2603 1145 2683 populorum
1190 2584 1925 2684 (sc.pei·i10).T‹im-is‚
1933 2614 2073 2665 ΕἹἼ
2077 2619 2161 2666 ΞΝ
2198 2605 2343 2680 (vid.
2371 2607 2449 2665 ad
2486 2604 2582 2661 Ps.

376 2695 482 2765 22,
514 2693 611 2752 13.
616 2691 681 2766 ),
730 2691 989 2765 plerique
1016 2691 1224 2748 volunt
1254 2691 1581 2772 significari
1607 2692 1882 2767 populos,
1938 2693 2041 2765 qui
2073 2691 2133 2746 vi
2165 2703 2339 2767 atque
2373 2691 2578 2767 opibus

374 2781 627 2856 pollent3
680 2772 892 2832 vitulis
931 2784 1124 2830 autem
1165 2786 1369 2855 gentes
1408 2776 1602 2832 minus
1635 2777 1860 2833 validas
1899 2785 1959 2833 et
1995 2792 2354 2833 numerosas.
2431 2772 2581 2833 Mihi

372 2881 475 2939 per
517 2872 729 2918 tauros
777 2858 971 2931 potius
1012 2858 1211 2929 duces,
1271 2878 1372 2935 per
1403 2858 1642 2917 vitulos
1663 2860 1918 2932 milites,
1974 2861 2074 2936 qui
2107 2879 2206 2918 eos
2238 2869 2579 2937 sequuntur,

370 2948 645 3017 videntur
686 2942 1069 3019 intelligendi.
1154 2953 1542 3036 5122''³?.‘'²²
1609 2953 1837 3005 osum-³
1881 2943 2003 3014 Qui
2037 2954 2407 3023 prosternat
2451 2961 2579 2999 sese

370 3050 501 3089 cum
529 3026 949 3106 fragminibus
994 3032 1270 3104 argenti,
1311 3032 1349 3086 i.
1382 3049 1431 3085 e.
1463 3031 1699 3106 increpa
1729 3047 1827 3086 eos
1860 3031 1979 3101 ita,
2027 3039 2097 3086 ut
2120 3028 2265 3086 facti
2293 3030 2574 3105 supplices

351 3117 609 3175 'veniant
653 3133 782 3171 cum
826 3114 1096 3169 mussulis
1137 3117 1369 3194 argenti
1412 3114 1487 3171 ad
1530 3113 1889 3190 pendendum
1930 3114 2202 3171 tributa.
2254 3114 2576 3190 Optarerat

369 3212 532 3259 vates
575 3198 696 3272 (Vs.
734 3196 896 3272 30.),
972 3206 1041 3253 ut
1090 3216 1259 3278 reges
1305 3200 1493 3267 exteri
1538 3201 1747 3275 templo
1790 3197 1968 3256 Jovae
2014 3199 2275 3256 ornando
2330 3198 2575 3255 donaria

372 3283 680 3356 afferrent3
726 3283 846 3356 jam
878 3291 1079 3338 votum
1110 3285 1363 3357 subjicit,
1410 3293 1479 3340 ut
1508 3285 1685 3340 etiam
1719 3283 2111 3341 ferocissimae
2143 3293 2382 3362 gentes,
2421 3283 2572 3340 tanti

368 3368 642 3430 Numinis
671 3366 1074 3444 objurgatione
1104 3369 1481 3442 perterritae,
1519 3386 1657 3424 mox
1688 3364 1949 3425 domata‘e
1983 3377 2042 3424 et
2066 3369 2356 3441 supplices
2385 3368 2573 3424 factae

369 3452 446 3511 ad
478 3453 646 3529 pedes
681 3452 838 3508 illius
865 3452 1309 3527 provolvantur,
1367 3464 1544 3530 atque
1570 3453 1794 3510 tributa
1821 3452 2005 3510 eidem
2035 3453 2285 3530 pendere
2318 3454 2572 3529 cupiant.

366 3536 615 3613 Propria
645 3552 751 3609 per
780 3532 1138 3592 catachresin
1164 3540 1482 3595 miscentur
1512 3538 1775 3613 tropicis,
1814 3547 1881 3593 ut
1908 3539 2173 3612 proxime
2202 3548 2373 3595 antea
2400 3538 2580 3596 vituli

358 3622 696 3699 junguntur
727 3618 994 3699 populis.
1066 3618 1243 3679 Verbi
1274 3633 1403 3684 ΟΒἼ
1437 3620 1829 3694 conculcavit,
1859 3624 2073 3699 species
2097 3610 2372 3698 Hithpael
2404 3641 2575 3698 prae-

364 3717 457 3766 ter
491 3705 549 3764 h.
585 3707 624 3761 1.
654 3705 826 3762 semel
860 3707 1262 3764 tantummodo
1291 3691 1585 3779 occurrit,
1626 3705 1801 3762 Prov.
1837 3710 1897 3779 6,
1926 3707 1984 3763 3.
1969 3748 2021 3779 .,
2078 3726 2193 3784 quo
2223 3709 2354 3764 loco
2382 3710 2574 3764 mani-

360 3790 506 3849 feste
539 3791 835 3870 significat
862 3798 1259 3868 prosternere
1286 3810 1350 3850 se
1380 3792 1597 3871 ipsum,
1632 3791 1818 3850 veluti
1845 3790 2084 3868 pedibus
2116 3794 2574 3852 conculcandum

361 3893 487 3935 sese
535 3877 824 3954 praebere.
924 3875 1042 3942 Qui
1087 3876 1459 3976 significatus
1512 3885 1571 3933 et
1622 3874 1761 3933 huic
1813 3879 1939 3933 loeo
1993 3878 2210 3952 optime
2265 3879 2569 3957 congruit.

361 3959 748 4040 significatur
795 3949 1256 4049 προσκυνήσεως
1301 3960 1492 4033 ritus,
1557 3961 1656 4036 qui
1703 3962 1816 4035 72,
1851 3962 1910 4018 9.
1961 3959 2212 4018 formula
2257 3962 2570 4041 pulverem

361 4041 621 4123 lingendi
656 4034 1024 4123 exprimitur
1091 4043 1426 4121 Singularis
1453 4063 1591 4102 vero
1628 4054 1854 4106 mrim:
1894 4045 2266 4105 distributive
2294 4056 2385 4103 est
2413 4049 2571 4106 acci-

362 4128 640 4203 piendus,
707 4140 879 4206 atque
934 4128 1010 4185 ad
1051 4147 1512 4206 unamquamque
1555 4131 1798 4185 istarum
1841 4130 2163 4187 belluarum
2205 4130 2570 4209 referendus,
2619 4131 2630 4136 ”

360 4211 683 4284 cujusmodi
706 4215 997 4292 enallages
1024 4216 1284 4285 exempla
1309 4214 1520 4291 plura
1497 4231 1615 4285 Jam
1647 4211 1969 4271 habuimus.
2011 4210 2219 4309 ΠἹΞἼΡ
2257 4223 2419 4277 ῦ7739
2450 4227 2571 4300 ἼῙΞ

359 4305 564 4376 ἥκει-ι’
601 4293 914 4373 Dispersit
941 4294 1220 4374 populos,
1262 4299 1368 4376 qui
1408 4294 1553 4355 bella
1590 4296 1886 4375 diligunt!
1964 4297 2143 4356 Nulla
2174 4283 2387 4358 etenim
2419 4321 2568 4381 gens

360 4354 661 4454 supeiest,
703 4396 848 4455 quae
877 4377 1105 4438 Iovae
1087 4385 1331 4458 imperio
1365 4402 1489 4444 sese
1519 4382 1858 4463 submittere
1885 4392 2142 4461 recuset3
2200 4404 2400 4447 omnes
2430 4397 2571 4447 sunt
