2807 4913
388 280 541 356 668
922 238 936 279 ’⁸
990 370 995 377 1
1178 376 1183 383 '
1224 287 1344 352 Pa.
1392 292 1551 373 139,
1616 309 1668 350 ι.
1712 306 1771 349 2.

388 470 597 561 impios
611 514 634 549 ,
680 482 855 557 etque
892 470 1125 532 divinae
1162 470 1483 547 maiestatis
1518 478 1905 529 contemtores
1919 512 1940 546 ,
1997 472 2102 551 qui
2141 473 2316 532 simul
2346 474 2469 532 sint
2510 479 2632 535 sui

384 556 603 620 hostes.

553 646 757 730 Longe
794 649 1050 709 maxims
1087 646 1364 704 carminis
1406 662 1543 721 pars
1584 647 1846 721 quamvis
1880 647 1945 704 in
1985 648 2390 706 omniscientis
2427 658 2626 727 atque

387 726 874 813 omnipraesentia
905 733 1105 791 divina
1133 729 1475 789 celebranda
1513 737 1815 804 versetur,
1871 732 1936 787 in
1974 751 2043 790 eo
2085 740 2279 790 temen
2314 751 2438 791 non
2479 754 2625 792 esse

384 822 726 896 primarium
760 826 963 895 poetae
999 815 1343 887 consilinm,
1396 833 1513 891 quo
1551 815 1781 875 animus
1816 819 1940 893 ejus
1973 816 2049 875 ad
2079 815 2397 876 canendum
2429 820 2623 876 uniee

383 903 562 964 fucrit
604 904 920 982 impulsus,
982 918 1058 958 ex
1100 901 1358 969 clausula
1401 900 1677 957 carminis
1727 910 1985 975 apparet.
2070 901 2239 969 Quod
2280 890 2435 959 vidit
2481 907 2623 978 jam

388 974 820 1065 anemurum,
859 986 997 1064 qui,
1033 984 1347 1043 secundum
1378 981 1682 1047 hebraeam
1715 985 2190 1063 inscriptionem,
2228 984 2447 1044 Davidi
2493 985 2621 1046 hoc

382 1091 615 1131 carmen
652 1072 889 1145 tribuit,
945 1079 1119 1146 atque
1146 1064 1527 1128 Absalonicae
1564 1065 1871 1125 seditionis
1905 1079 2158 1148 tempore
2197 1062 2414 1128 editum
2459 1090 2616 1129 con-

376 1158 542 1232 jicit,
583 1156 770 1228 vidit,
809 1157 1079 1232 inquam,
1133 1154 1251 1227 jam
1290 1154 1422 1224 iile,
1464 1151 1613 1209 hanc
1643 1155 2160 1227 contestationem,
2213 1151 2403 1227 Deum
2447 1158 2614 1214 scire

381 1243 597 1314 omnia,
642 1250 703 1298 et
733 1258 853 1296 non
876 1249 1101 1297 tautum
1130 1239 1412 1309 actiones,
1454 1237 1555 1294 sed
1583 1238 1835 1295 consilia
1863 1240 2057 1311 etiam,
2097 1250 2155 1295 et
2181 1249 2375 1297 motus
2409 1242 2608 1298 animi

382 1327 445 1383 in
481 1325 715 1383 homine
756 1325 1094 1395 universos,
1156 1320 1337 1401 dirigi
1370 1320 1558 1378 videri
1593 1339 1629 1377 a
1661 1320 1888 1379 Davide
1922 1320 1995 1378 ad
2027 1323 2381 1399 probandam
2421 1326 2607 1382 inno-

378 1411 628 1467 centiam
660 1427 822 1466 suam
852 1404 980 1465 Deo
1024 1417 1083 1464 et
1117 1406 1486 1478 hominibus,
1547 1406 1702 1482 quod
1737 1406 1888 1464 nihil
1917 1407 2191 1465 adversus
2223 1409 2507 1509 populum
2544 1419 2607 1466 et

379 1496 625 1572 patriam
657 1500 848 1555 struat
881 1502 984 1550 aut
1007 1493 1317 1562 moliatur,
1358 1503 1418 1549 et
1450 1509 1511 1547 se
1536 1509 1745 1549 vacare
1772 1493 1930 1549 omni
1961 1494 2131 1568 culpa
2158 1493 2389 1549 crimin·
2373 1495 2419 1548 ‘s
2453 1495 2604 1567 ejus,

378 1598 495 1656 quo
533 1598 665 1638 cum
701 1578 1027 1660 gravabant
1063 1576 1345 1634 seditiosi.
1432 1573 1612 1633 Addit
1652 1585 1879 1649 tamen,
1931 1574 2414 1634 considerandum
2450 1596 2603 1650 esse,

377 1682 612 1736 annon,
674 1664 850 1720 etiam
889 1670 1125 1740 propter
1165 1659 1380 1718 Versus
1417 1662 1513 1719 19.
1556 1667 1617 1717 et
1662 1668 1999 1737 sequentes,
2066 1659 2327 1718 Psalmus
2381 1661 2605 1719 referri

378 1751 563 1825 possit
602 1747 676 1805 ad
715 1748 777 1806 id
817 1746 1129 1822 temporis,
1176 1763 1292 1821 quo
1332 1766 1463 1804 cum
1505 1762 1613 1802 sua
1648 1743 1920 1817 cohorte,
1964 1764 2094 1802 cum
2125 1763 2266 1825 rege
2295 1744 2485 1817 Achi,
2534 1747 2600 1802 in

375 1843 567 1890 castra
608 1828 1095 1889 Philisthaeorum
1141 1831 1451 1888 concedere
1488 1847 1718 1887 necesse
1754 1827 1987 1901 habuit,
2047 1829 2123 1888 ad
2164 1828 2603 1906 expeditionem

375 1916 580 1974 horum
612 1925 818 1973 contra
846 1914 1083 1974 Saulem
1108 1925 1167 1973 et
1194 1915 1470 1991 populum
1497 1908 1531 1973 J
1542 1914 1840 1971 udaicum:
1876 1914 1962 1970 ilii
1990 1916 2144 1971 enim
2172 1917 2419 1989 tempori
2455 1934 2599 1972 sane

371 2003 547 2061 etiam
575 2017 895 2080 congruere
924 1999 1093 2057 talem
1126 2001 1606 2056 contestationem
1640 1993 1709 2053 de
1740 1998 2073 2056 innocentia
2104 1999 2316 2069 animi,
2372 2010 2431 2055 et
2464 2001 2602 2076 pie-

375 2095 495 2143 tate
524 2103 681 2144 vera.
761 2084 911 2142 Aliis
945 2093 1141 2143 autem
1177 2096 1412 2160 propter
1444 2081 1783 2141 Chaldaicas
1823 2092 1883 2139 et
1919 2081 2193 2160 Syriacas
2226 2084 2600 2158 quorundam

373 2169 679 2227 verborum
716 2167 934 2235 formas
979 2178 1038 2225 et
1084 2167 1542 2247 significationes
1581 2164 1729 2241 (vid.
1754 2163 1856 2223 Vs.
1890 2169 1948 2224 2.
1976 2168 2038 2225 3.
2070 2169 2126 2225 7.
2155 2163 2293 2242 20.)
2338 2186 2467 2226 ιιοιι
2514 2179 2600 2226 est

374 2248 711 2327 verisimile,¹
750 2252 860 2312 hoc
895 2272 1127 2314 carmen
1164 2271 1199 2311 a
1227 2250 1457 2310 Davide
1494 2252 1714 2313 editum
1750 2269 1892 2310 esse.

545 2396 601 2452 1.
682 2388 1038 2480 Propositio,
1076 2409 1222 2467 quae
1253 2391 1627 2468 sequentibus
1655 2389 1930 2448 Versiims
1956 2392 2384 2468 elegantissime
2413 2412 2596 2451 exor-

376 2486 585 2539 natur.
618 2489 820 2580 »Ἅι-ι]
874 2487 1133 2571 *nn-istu
1174 2474 1505 2534 Scrutatus
1554 2494 1618 2534 es
1668 2494 1789 2548 me,
1845 2476 2104 2566 adeoque
2142 2479 2462 2554 cognoscis
2506 2497 2596 2536 ne

376 2565 638 2639 penitus,
692 2572 782 2621 xta
817 2564 1017 2640 plane
1033 2581 1157 2634 me,
1217 2570 1277 2617 et
1310 2561 1587 2638 quicquid
1620 2563 1683 2618 in
1719 2563 1914 2620 animo
1949 2580 2076 2618 meo
2107 2571 2230 2634 est,
2284 2566 2594 2642 cognitum

376 2646 580 2719 hebes,
640 2655 710 2707 ut
753 2668 876 2707 rem
914 2649 1253 2725 cognoscit,
1309 2647 1413 2721 qui
1451 2664 1578 2703 eam
1617 2647 1733 2703 diu
1746 2658 1806 2704 et
1841 2646 2155 2724 diligenter
2187 2648 2592 2726 investigavit.

380 2731 462 2789 sd
496 2743 635 2812 ηπ
662 2735 881 2810 primae
909 2750 1190 2809 personae
1220 2728 1488 2788 suffixum
1518 2750 1549 2787 e
1579 2749 1755 2800 voce,
1812 2748 1957 2816 quae
1987 2732 2250 2805 proxime
2275 2730 2595 2808 praecedit,

372 2824 457 2874 est
486 2819 877 2893 repetendum,
918 2826 986 2875 ut
1021 2818 1162 2889 137,
1185 2814 1244 2878 5.
1290 2817 1349 2874 ὶιι
1393 2826 1556 2876 ’33733
1602 2813 1852 2895 unuin}
1934 2813 2183 2872 Verbum
2212 2825 2388 2901 Ἶρι-ι,
2430 2817 2593 2891 quod

369 2899 438 2958 de
458 2903 555 2960 rei
588 2900 816 2960 abditae
850 2911 911 2958 et
941 2904 1198 2959 occultae
1230 2880 1729 2979 pervestigatione
1747 2900 1978 2976 proprie
2008 2899 2261 2972 dicitur,
2318 2882 2388 2957 de
2417 2902 2594 2960 inda·

367 2986 605 3064 gatione
641 2987 825 3044 animi
866 2994 925 3046 et
966 2983 1274 3044 affectuum
1315 2994 1631 3062 usurpatur
1671 3001 1898 3061 quoque
1941 2986 1975 3041 1
1998 2982 2155 3043 Sam.
2187 2986 2293 3057 2⁰,
2311 2986 2422 3043 12.
2463 2984 2587 3044 Jer-

535 3180 594 3238 2.
682 3178 852 3246 Pron.
909 3189 1056 3239 rm&
1110 3137 1393 3250 secundae
1447 3178 1612 3234 verbi
1659 3192 1940 3249 personae
1978 3187 2107 3238 non
2150 3180 2277 3236 sine
2325 3177 2588 3253 emphasi

372 3265 757 3340 praepositum
788 3274 895 3323 est.
969 3244 1142 3323 Dicit
1168 3265 1391 3320 scilicet
1420 3261 1568 3319 hoc·
1606 3271 1669 3319 tu
1702 3264 1883 3336 solus,
1923 3273 1982 3321 et
2022 3273 2250 3340 praeter
2292 3270 2350 3321 te
2391 3281 2585 3332 nemo,

370 3367 458 3406 me
487 3349 717 3424 penitus
751 3351 1049 3429 cognitum
1078 3349 1271 3406 habes.
1359 3345 1554 3404 Verba
1594 3356 1775 3442 7370ρῖ
1817 3347 1991 3440 ’κριῷ
2034 3349 2276 3447 plurimi
2306 3357 2584 3405 vertunt·

367 3432 572 3491 sedere
608 3450 792 3489 mum
831 3444 893 3491 et
933 3450 1184 3512 surgere
1222 3449 1437 3503 meum,
1491 3432 1530 3488 i.
1556 3451 1603 3489 e.
1636 3416 1849 3490 latine:
1894 3416 2208 3490 sessionem
2249 3440 2311 3488 et
2349 3438 2585 3489 statum

371 3535 586 3590 meum,
644 3537 711 3575 ac
752 3520 804 3575 si
845 3519 992 3578 illud
1035 3515 1177 3606 τιτιῖρ
1221 3527 1371 3573 esset
1410 3515 1739 3574 infinitivus
1786 3517 1949 3575 verbi
1992 3518 2117 3601 ,Ὑύζ
2155 3511 2400 3589 sedere3
2462 3534 2585 3593 quo

370 3611 538 3675 pacto
575 3601 968 3681 Hieronymus
998 3582 1172 3660 etiam
1202 3603 1515 3658 sessionem
1550 3599 1607 3657 h.
1640 3600 1674 3657 Ι.
1705 3603 1903 3659 vertit.
1986 3581 2117 3659 Nec
2140 3600 2590 3684 improbandum

368 3697 491 3758 est,
545 3689 598 3744 si
635 3688 721 3744 ita
763 3685 833 3750 τὸ
879 3686 1023 3771 17:125
1073 3703 1274 3761 capere
1314 3685 1586 3760 libuerit3
1658 3704 1792 3742 nam
1835 3695 1894 3744 et
1935 3689 2021 3744 ita
2057 3694 2280 3743 veteres
2324 3686 2592 3761 plerique

304 3829 309 3836 ἃ
372 3773 726 3847 interpretes.
814 3772 932 3833 Sed
946 3749 1206 3828 videtur
1254 3768 1365 3827 hoc
1412 3771 1540 3827 loco
1592 3779 1732 3833 nam
1790 3772 1985 3847 potins
2032 3770 2106 3828 ad
2150 3769 2391 3829 verbum
2438 3769 2589 3857 ηῧῑρ

369 3856 704 3932 quiescere,
768 3856 1166 3915 referendum:
1235 3863 1301 3911 tu
1362 3854 1530 3912 nosti
1590 3855 1843 3932 quietem
1900 3873 2120 3927 meam,
2196 3864 2590 3929 nocturnam3

369 3940 672 4015 quiescere
708 3959 893 3999 meum
929 3948 992 3996 et
1033 3954 1301 4015 surgere.
1386 3935 1557 4002 Certe
1593 3940 1676 3995 ita
1708 3938 1850 3999 nme
1888 3940 2226 3998 sumendum
2258 3956 2419 4011 esse,
2463 3939 2591 3994 cla-

371 4024 595 4082 tissime
639 4035 868 4085 constat
914 4043 989 4082 ex
1033 4025 1174 4097 127,
1202 4024 1266 4079 2.
1249 4060 1304 4094 .,
1374 4022 1478 4080 ubi
1529 4003 1975 4117 nisa-“nffzujn
2024 4032 2084 4081 et
2140 4020 2588 4106 ιπιιῤ·“.“ιῐ·ικυ

366 4109 653 4165 matutine
683 4119 1040 4190 surgentes,
1086 4117 1146 4165 et
1182 4125 1324 4165 sera
1365 4116 1539 4164 nocte
1582 4124 1778 4165 somno
1821 4125 1885 4165 se
1928 4108 2142 4168 dantes
2183 4084 2593 4185 exponendis-ni

367 4210 523 4261 esse,
566 4193 687 4268 ipsa
724 4197 880 4253 ratio
920 4193 1103 4251 docet.
1189 4175 1552 4261 Quiesceudi
1590 4199 1784 4249 autem
1823 4192 1999 4251 verba
2035 4192 2109 4248 ad
2143 4193 2591 4265 recreationem,

367 4292 513 4350 qnae
545 4294 621 4333 ex
647 4297 851 4337 somno
882 4280 1142 4353 capitur,
1197 4278 1432 4360 proprie
1463 4277 1764 4352 usurpari,
1818 4280 1882 4336 in
1912 4278 2181 4336 omnibus
2214 4276 2331 4336 fere
2357 4278 2589 4358 linguis

370 4366 661 4436 receptum
691 4372 796 4419 est.
878 4361 1074 4440 ipsum
1101 4361 1337 4420 verbum
1369 4356 1516 4448 nau}
1544 4360 1831 4420 Arabibus
1869 4362 1938 4420 de
1974 4362 2168 4440 quiete
2205 4361 2393 4419 somni
2438 4360 2592 4417 cele·
