2807 4913
353 281 507 356 276
1309 282 1450 354 1²⁸.
1524 278 1558 344 4
1583 303 1604 345 ι
1619 322 1639 341 .

1337 478 1452 542 Ps.
1505 482 1611 539 41.

535 600 792 661 Miseriis
836 615 1140 674 oppressus
1185 595 1380 655 fausta
1422 604 1770 672 apprecatur
1812 595 1923 666 iis,
1996 593 2098 670 qui
2148 593 2592 653 misericordiae

368 688 578 748 affectu
606 687 767 744 ducti
800 686 1041 739 miseros
1076 691 1284 738 curant
1312 684 1637 757 J‘uvantque
1666 677 1793 758 (Vs.
1824 676 2101 753 2-4.)‚
2142 680 2407 756 queritur
2437 697 2588 737 vero

295 839 306 846 ,
343 776 442 832 ‘de
469 774 638 840 aliis,
695 770 795 845 qui
825 769 1111 823 insultant
1141 776 1201 822 et
1231 767 1561 823 obtrectant
1589 768 1644 823 ei
1678 767 1742 822 in
1773 782 1879 820 sua
1913 764 2240 821 calamitate
2278 761 2347 841 (5
2369 796 2446 806 —-
2467 764 2506 819 9
2509 759 2590 841 .),
2632 791 2639 795 ·

368 869 428 915 et
467 857 736 932 inprimis
778 850 851 909 de
894 850 1143 928 quodam
1184 869 1259 908 ex
1298 850 1427 923 his,
1486 852 1590 925 qui
1629 851 1990 907 necessarius
2033 858 2096 905 ct
2134 849 2401 905 alumnus
2437 866 2589 905 suus

369 943 550 999 fuerit
588 932 1217 1018 (10.)·1mprecatur
1256 945 1450 992 autem
1491 936 1703 991 malum
1748 927 1867 990 illis
1906 934 2161 990 inimicis
2207 935 2365 1004 suis,
2414 941 2475 989 et
2515 952 2590 990 sa

370 1046 407 1086 a
444 1026 599 1083 malo
638 1042 780 1092 suo,
824 1020 1013 1077 morbi
1056 1024 1117 1075 ct
1149 1021 1547 1076 calamitatum
1579 1029 1937 1088 ceterarnun,
1985 1018 2226 1075 liberari
2257 1019 2434 1092 petit,
2478 1035 2589 1094 spo

357 1108 699 1167 ‘indubitata
748 1115 808 1162 et
857 1105 1072 1163 fiducia
1120 1114 1279 1161 certa
1294 1104 1719 1212 benignitatis
1777 1111 1839 1160 et
1894 1104 2123 1183 gratiae
2173 1100 2289 1160 Dei
2330 1120 2474 1182 erga
2517 1120 2592 1161 se

370 1195 434 1271 (1
451 1196 478 1250 1
506 1225 582 1235 -
614 1188 763 1269 14)

543 1293 734 1361 Quum
774 1292 1047 1361 nonsit,
1099 1308 1206 1347 cur
1242 1289 1649 1389 inscriptioni,
1704 1287 1861 1347 hunc
1896 1288 2185 1345 Psalmum
2214 1284 2437 1345 Davidi
2466 1286 2588 1344 tri-

369 1379 605 1447 buenti,
644 1375 813 1433 fidem
847 1377 1226 1454 denegemus3
1284 1376 1536 1440 maxime
1567 1385 2014 1432 consentaneum
2047 1372 2261 1445 fuerit,
2305 1373 2475 1430 illum
2504 1371 2589 1431 ad

369 1462 674 1522 seditionis
705 1462 1084 1518 Absalonicac
1119 1469 1343 1536 tempus
1379 1457 1631 1531 referre,
1690 1462 1783 1516 cni
1831 1461 2027 1516 omnia
2071 1461 2134 1514 in
2173 1457 2284 1514 hoc
2325 1457 2588 1513 carmina

345 1550 583 1623 ,optime
628 1546 1017 1615 conveniunt,
1078 1553 1250 1619 atque
1290 1545 1375 1600 ita
1417 1545 1505 1614 is,
1574 1545 1642 1601 de
1689 1562 1802 1620 quo
1843 1544 2107 1620 queritur
2142 1542 2235 1598 Vs.
2272 1544 2365 1598 10.
2383 1582 2403 1612 ,
2465 1531 2589 1599 crit

375 1629 806 1708 Mephiboseth,
844 1629 1003 1686 filius
1033 1627 1412 1699 Jonatbanis,
1451 1647 1630 1703 nepos
1662 1629 1865 1688 Saulis
1897 1629 1998 1704 qui
2033 1629 2302 1684 alumnus
2332 1625 2586 1685 Davidis

351 1719 673 1783 ‚convictor
703 1713 828 1770 fuit
876 1731 1105 1770 mensae
1147 1714 1268 1790 ejus
1313 1708 1571 1790 (2Sam.
1608 1715 1680 1785 9,
1717 1709 1855 1790 7.)‚
1927 1721 1990 1769 ct
2034 1721 2228 1769 tamen
2254 1716 2471 1789 postea
2514 1711 2587 1767 in
2650 1741 2653 1746 ,

287 1791 294 1794 ⁷
353 1803 657 1866 ‚seditione
681 1797 1029 1856 Absalonica
1059 1816 1180 1854 non
1216 1797 1457 1856 deduxit
1494 1796 1780 1855 Davidem
1818 1797 2134 1877 fugientem
2172 1804 2335 1853 trans
2368 1795 2586 1853 Jorda-

369 1906 522 1957 nem,
564 1883 1005 1964 sed-insultavit
1040 1883 1114 1954 ei,
1156 1882 1386 1940 dicens:
1426 1879 1591 1939 hodie
1631 1882 1925 1939 restituet
1963 1880 2110 1938 mihi
2148 1882 2349 1939 domus
2382 1877 2587 1937 Israel

367 1987 617 2046 regnum
641 1967 872 2045 patris,
903 1970 942 2023 i.
960 1985 1011 2022 e.
1040 1968 1137 2025 avi
1168 1968 1282 2024 mei
1318 1964 1384 2039 (2
1399 1966 1556 2026 Sam.
1584 1969 1679 2040 16,
1704 1965 1810 2047 3.)‚
1849 1969 2035 2043 neque
2070 1968 2335 2045 cuiquam
2363 1964 2582 2023 Versus

371 2057 471 2112 ille
514 2054 700 2131 magis
749 2054 1037 2109 convenit.
1122 2050 1449 2109 Verisimile
1500 2054 2014 2124 autemromnino,
2072 2053 2174 2109 illo
2208 2063 2470 2127 ,tempore
2512 2050 2583 2106 in

372 2139 557 2202 animi
610 2135 808 2193 dolore
858 2138 1031 2194 etiam
1089 2139 1349 2213 corporis
1405 2136 1613 2194 morbo
1656 2147 2004 2194 attentatum
2051 2135 2336 2195 Davidem
2378 2134 2582 2191 fuisse.

369 2223 521 2282 Nam
556 2239 699 2299 quae
731 2217 826 2278 Vs.
857 2223 918 2278 4.
949 2222 1004 2277 6.
1035 2221 1093 2279 9.
1137 2224 1402 2298 queritur
1433 2223 1715 2296 ejusmodi
1746 2232 1914 2295 sunt,
1956 2232 2024 2279 ut
2057 2223 2270 2293 minus,
2313 2238 2483 2297 quam
2512 2220 2582 2276 in

372 2309 505 2366 aliis
535 2306 818 2378 Psalmis,
855 2325 957 2382 per
985 2306 1382 2383 metaphoram
1418 2316 1476 2363 et
1505 2309 1843 2387 allegoriam
1874 2307 1946 2365 ad
1977 2308 2096 2365 alia
2132 2305 2444 2364 transferre
2473 2302 2583 2362 illa

354 2402 523 2465 xrecte
562 2391 873 2469 possimus.

535 2494 690 2560 Quia
721 2492 875 2568 quod
906 2491 1132 2551 Psaltcs
1159 2491 1260 2552 Vs.
1295 2492 1392 2550 10.
1438 2472 1812 2569 queritur¹de
1847 2493 2088 2572 perfidia
2130 2495 2306 2551 unius
2344 2510 2419 2550 ex
2453 2491 2580 2548 suis

365 2579 755 2649 adversariis,
814 2579 916 2652 qui
961 2579 1272 2653 aliquando
1314 2579 1437 2652 ejus
1482 2579 1779 2635 convictor
1820 2577 2058 2652 fuisset,
2106 2578 2382 2637 Christus
2425 2575 2582 2651 apud

368 2662 649 2722 loannem
684 2664 782 2733 13,
806 2663 900 2718 18.
932 2661 1004 2718 ad
1033 2661 1237 2720 Judam
1267 2664 1629 2734 iscariotam‚
1664 2665 1763 2740 qui
1789 2666 1975 2740 ipsum
2004 2665 2301 2739 prodidit,
2307 2664 2580 2738 applicat,

368 2747 606 2824 plurimi
658 2763 691 2801 c
739 2744 1089 2806 Christianis
1138 2747 1482 2822 interpretes
1533 2756 1718 2805 totum
1768 2747 2054 2806 Psalmum
2100 2747 2458 2829 prophetiam
2508 2744 2579 2801 de

372 2828 606 2887 Christo
641 2830 1069 2889 existimarunt.
1155 2830 1270 2891 Sed
1301 2832 1602 2888 audiamus
1632 2830 2054 2891 anNGERUM
2095 2834 2285 2890 sobrie
2320 2842 2378 2889 et
2412 2835 2580 2887 caute

367 2913 480 2971 hac
516 2912 585 2969 de
615 2932 680 2969 re
707 2913 1063 2987 judicantem
1109 2913 1200 2993 (in
1232 2915 1494 2973 Ratione
1520 2913 1973 2995 Paraphraseos
2007 2917 2105 2974 Vs.
2142 2913 2306 2992 loz)
2348 2914 2580 2989 „Quod

369 2996 564 3056 David
598 2996 709 3054 hoc
737 2998 869 3055 loco
900 3000 1012 3056 sibi
1040 3003 1318 3058 accidisse
1344 3003 1682 3077 queritur,
1695 3003 1755 3058 id
1784 3001 2094 3059 Christus
2078 3004 2152 3059 iis
2185 2996 2580 3059 accommodat

371 3102 518 3161 quae
547 3083 660 3158 ipsi
697 3101 824 3143 cum
856 3083 1006 3141 Juda
1041 3084 1341 3161 proditore
1372 3085 1737 3158 acciderunt,
1782 3096 1839 3142 et
1875 3105 1997 3151 rem
2038 3087 2305 3165 quidem,
2356 3087 2449 3144 vel
2482 3082 2579 3141 rei

369 3177 704 3225 eventorum
737 3169 1212 3242 similitudinem,
1256 3189 1376 3226 non
1401 3170 1578 3227 verba
1606 3172 1874 3248 singula,
1918 3190 2064 3247 quae
2091 3172 2269 3229 verba
2303 3172 2581 3227 universa

371 3249 605 3309 Christo
646 3241 1067 3310 accommodari
1108 3272 1471 3331 nequaquam
1505 3265 1782 3329 possunt,
1844 3265 1904 3310 et
1932 3255 2040 3311 hac
2072 3257 2140 3312 (le
2174 3260 2347 3312 ca'usa
2374 3255 2576 3312 Evan-

372 3335 589 3414 gelista
622 3337 741 3410 ipse
771 3355 949 3392 unum
979 3341 1150 3395 colon
1181 3339 1227 3396 V
1231 3358 1392 3396 ersus
1424 3337 1592 3411 hujus
1622 3359 1696 3395 ex
1721 3341 2082 3398 sermonibus
2109 3339 2327 3397 Christi
2359 3338 2576 3398 omisit.

363 3418 517 3479 Nam
551 3422 704 3495 quod
733 3418 928 3478 David
956 3423 1135 3496 dicit,
1177 3442 1239 3479 se
1267 3423 1560 3499 deceptum
1597 3442 1631 3479 a
1666 3426 1990 3480 necessario
2021 3436 2078 3483 et
2104 3428 2436 3484 convictore
2464 3440 2574 3478 suo

369 3513 430 3561 et
461 3521 562 3577 eo,
609 3506 710 3580 qui
739 3523 873 3580 pars
905 3517 1054 3563 esset
1086 3507 1343 3565 familiae
1370 3508 1525 3580 ejus,
1567 3508 1634 3564 de
1667 3526 1816 3582 quo,
1855 3520 1914 3564 ct
1943 3507 2054 3566 fide
2082 3511 2236 3583 ejuS,
2284 3511 2483 3585 opinio
2515 3516 2576 3562 et

368 3605 495 3663 spes
524 3587 734 3646 fuisset
767 3591 1003 3664 optima,
1044 3591 1156 3648 hoc
1187 3593 1373 3670 igitur
1399 3593 1494 3665 iis,
1543 3610 1688 3666 quae
1718 3589 1951 3648 Christo
1986 3612 2020 3651 a
2049 3592 2198 3651 Juda
2229 3593 2384 3652 facta
2414 3600 2576 3661 sunt,

363 3674 533 3730 nullo
575 3670 748 3730 modo
786 3676 1207 3734 accommodari
1250 3685 1460 3752 potest.
1551 3675 1700 3732 Nam
1745 3685 1804 3731 et
1844 3680 2157 3751 praescivit
2192 3677 2460 3736 Christus
2503 3684 2573 3739 ¹13

365 3754 563 3830 Deus,
615 3758 804 3833 qualis
842 3770 993 3815 esset
1028 3759 1242 3833 Iudas,
1299 3770 1357 3817 et
1400 3760 1544 3837 quid
1584 3769 2055 3836 perpetraturus,
2113 3771 2172 3819 et
2207 3763 2347 3839 quid
2389 3761 2459 3818 de
2495 3778 2572 3817 eo

367 3859 633 3918 sperare,
685 3842 910 3918 sibique
953 3846 1296 3920 persuadere
1338 3844 1601 3917 deberet,
1657 3863 1789 3901 non
1818 3848 2010 3921 potuit
2039 3849 2345 3928 ignorare,
2392 3862 2574 3922 quum

364 3929 528 3984 nulla
570 3928 634 3984 in
672 3944 737 3983 rc
777 3926 966 4004 decipi
1003 3930 1103 3985 ille
1147 3931 1422 4006 potuerit.
1502 3928 1706 4006 Itaque
1738 3938 1796 3985 et
1826 3927 2128 4004 Christus,
2187 3941 2255 3989 ut
2293 3931 2574 4030 diximus,

365 4009 513 4067 illud
559 4027 781 4067 comma
821 4011 883 4066 in
928 4013 1205 4070 citatione
1252 4011 1462 4071 Versus
1512 4013 1684 4087 hujus
1726 4014 1938 4070 omisit.
2025 4014 2346 4074 Videndum
2389 4015 2572 4091 enim,

364 4091 540 4168 quid,
589 4094 714 4166 cui,
757 4104 815 4151 et
848 4097 1169 4171 quomodo,
1210 4107 1270 4153 et
1305 4115 1420 4172 qua
1456 4097 1525 4155 de
1562 4114 1768 4169 causa,
1825 4116 2011 4173 quove
2044 4110 2306 4173 respectu
2339 4117 2572 4158 accom-

360 4176 650 4250 modetur,
687 4197 761 4235 ne
790 4180 1084 4259 allegoriis
1117 4181 1361 4237 detortis
1396 4193 1454 4239 et
1483 4183 1691 4238 alienis
1722 4184 2007 4239 sententia
2036 4202 2176 4241 vera
2200 4196 2258 4243 et
2285 4185 2572 4244 historica

360 4273 783 4336 corrumpatur,
827 4274 885 4321 et
915 4265 987 4321 ad
1017 4282 1192 4321 unam
1227 4266 1401 4321 unius
1428 4264 1642 4322 Versus
1676 4266 1740 4321 in
1767 4264 2012 4323 Psalmis
2046 4267 2116 4325 de
2148 4268 2381 4327 Christo
2415 4270 2571 4327 cita-

356 4346 577 4405 tionem
602 4349 694 4407 vel
724 4364 761 4408 a
788 4345 1058 4435 Christo,
1095 4351 1189 4410 vel
1201 4349 1287 4415 „ab
1314 4349 1644 4429 Apostolis,
1687 4351 1782 4411 vel
1809 4350 1880 4411 ab
1909 4349 2304 4432 Evangelistis
2328 4354 2568 4430 factam,
