2807 4913
842 423 848 435 Ι
928 323 1053 389 Ρ..
1102 316 1271 410 115,
1324 312 1625 409 9--18-
2121 285 2125 292 ’
2233 308 2382 383 595

171 504 406 578 atilium,
433 500 663 580 adjutor
691 521 910 577 eorum,
938 503 1357 573 israelitarum,
1386 498 1584 557 subito
1613 505 1837 557 mutata
1868 495 2117 555 secunda
2142 512 2386 574 persona

172 592 240 647 in
273 592 542 669 tertiam,
598 598 666 646 ut
699 591 1052 661 saepissime.
1139 586 1339 644 Po'test
1365 582 1796 641 hemistichium
1825 584 2144 657 posterius,
2201 580 2298 639 hic
2325 574 2387 640 et

176 673 479 749 deinceps,
535 674 721 748 accipi
758 683 1031 748 tanquam
1060 671 1353 751 genera-lis
1388 670 1712 739 sententia,
1767 666 2001 741 perinde
2033 666 2385 741 quasi‘dice—

132 791 141 804 ι
174 768 368 817 returt
408 756 567 815 Deus
603 775 835 829 eorum,
879 758 981 831 qui
1011 759 1075 814 in
1106 758 1230 831 ipso
1259 773 1416 830 spem
1448 760 1768 828 reponunt,
1807 759 2000 806 certus
2029 753 2261 824 clypeus
2295 760 2385 808 est
2458 797 2466 818 ,

177 851 238 902 et
267 853 681 922 propugnator.
737 840 982 913 Eorum,
1016 860 1093 898 sc.
1128 841 1229 916 qui
1258 840 1321 894 in
1353 840 1481 913 ipso
1507 844 1753 912 sperant.
1810 832 2141 891 Relativnm
2173 834 2386 909 absque

176 927 566 999 antecedente,
606 936 676 983 ut
709 927 850 997 104,
868 927 927 983 2.
974 928 1103 983 coll.
1135 922 1277 994 125,
1301 924 1353 978 1.
1416 920 1531 978 Pro
1568 916 1927 994 imperativis
1963 928 2101 995 Πῑὲξ.
2129 927 2188 974 et
2215 928 2383 995 ³172ng

178 1013 246 1067 in
286 1008 398 1067 hoc
427 1021 496 1088 *et
544 1011 767 1068 duobus
804 1010 1175 1086 sequentibus
1212 1007 1488 1064 Versibus
1534 1006 1878 1077 interpretes
1922 996 2143 1058 veteres
2167 995 2385 1058 omnes

160 1107 584 1171 ‘expresserunt
622 1095 947 1171 praeterita
975 1104 1116 1179 ''m-³,
1159 1101 1217 1149 et
1257 1102 1448 1183 mugg-
2302 1141 2307 1154 ,
2375 1156 2380 1160 ,

353 1197 447 1252 10.
534 1194 708 1282 ῑῆζῃς
748 1207 868 1273 37³3,
910 1191 1133 1252 Domus
1173 1191 1414 1262 Aaron,
1475 1189 1515 1246 i.
1548 1208 1600 1244 e.
1636 1170 1994 1255 sacerdotes,
2034 1185 2133 1260 'qui
2168 1184 2284 1241 soli
2315 1203 2391 1243 ex
2499 1221 2502 1230 ι

179 1280 441 1338 omnibus
486 1282 831 1339 nominatim
874 1277 1328 1354 compellantur,
1397 1281 1467 1331 ut
1505 1270 1878 1348 peculiariter
1927 1267 2053 1326 Deo
2103 1264 2282 1344 dicati
2330 1281 2391 1327 et

177 1368 522 1438 consecrati.
606 1403 611 1418 ⁶
2115 1407 2120 1412 .
2147 1355 2148 1358 ’

355 1451 450 1506 11.
536 1450 698 1510 nit-⁶³
745 1457 893 1526 ἰς’-ι’
941 1446 1242 1505 Timentes
1280 1441 1525 1515 Jovam,
1584 1440 1623 1497 i.
1656 1457 1703 1495 e.
1741 1445 1801 1494 et
1837 1454 1945 1494 vos
1982 1455 2179 1493 omnes
2212 1454 2392 1512 pecu-

179 1534 427 1605 liariter,
473 1535 574 1609 qui
594 1517 742 1613 'erga
771 1515 961 1591 Deum
991 1534 1130 1589 estis
1158 1529 1443 1608 religiosi.
1505 1520 1911 1582 Aben-Esra:
1955 1540 2028 1578 ex
2056 1539 2393 1596 quacunque

178 1619 419 1675 natione
445 1618 540 1675 vel
575 1633 764 1698 gente.
846 1616 1074 1675 Jarchi:
1106 1613 1437 1695 proselyti,
1478 1611 1579 1687 qui
1606 1610 1783 1688 etiam
1813 1607 1876 1663 in
1898 1604 2059 1663 Actis
2085 1606 2395 1682 Apostolo-

181 1721 316 1759 rum
349 1704 433 1759 ita
461 1704 671 1776 passim
701 1704 1084 1778 appellantur,
1130 1710 1195 1758 ut
1230 1702 1325 1771 10,
1358 1699 1410 1753 1.
1440 1695 1542 1754 22.
1585 1691 1684 1765 13,
1719 1693 1815 1748 16.
1844 1691 1946 1747 26.
2217 1748 2222 1758 ,

363 1806 456 1863 12.
495 1805 608 1880 13.
677 1800 859 1874 Jova,
921 1804 1022 1877 qui
1069 1800 1256 1858 adhuc
1305 1799 1506 1855 nostri
1551 1812 1749 1853 curam
1796 1807 2106 1867 numquam
2163 1785 2395 1862 abjecit,

188 1908 336 1965 quae
361 1905 468 1946 sua
499 1896 588 1944 est
616 1887 1045 1958 misericordia,
1088 1893 1290 1965 perget
1318 1883 1674 1941 benefacere.
1737 1876 1925 1936 Porro
1957 1876 2154 1932 eadem
2184 1890 2392 1930 rursus

187 1972 594 2034 distributione
638 1974 860 2043 utitur,
923 1990 1036 2046 qua
1083 1980 1284 2040 antea,
1345 1984 1414 2022 ac
1452 1969 1638 2042 primo
1683 1965 1809 2020 loco
1858 1959 2151 2017 israelitas
2197 1973 2396 2014 omnes

184 2060 370 2136 ponit,
412 2047 615 2113 deinde
644 2058 885 2113 seorsim
911 2044 1235 2113 sacerdotes
1269 2062 1440 2127 atque
1464 2051 1720 2116 Levites,
1752 2063 1819 2101 ac
1848 2041 2092 2119 denique
2126 2037 2248 2119 (Vs.
2272 2036 2397 2117 13.)

184 2144 311 2219 pios
341 2160 536 2201 omnes
565 2152 624 2197 et
646 2143 955 2219 religiosos
983 2138 1095 2196 Dei
1124 2139 1399 2207 cultores,
1442 2130 1830 2211 n'ffiiss‘n?
1873 2134 2130 2217 Ε’ξτρἧζ
2168 2143 2399 2203 parvos
2444 2171 2456 2187 ,

160 2244 367 2303 uaeque
408 2246 482 2286 ac
520 2243 799 2301 magnos,
840 2227 967 2281 sine
998 2222 1332 2280 discrimine
1376 2218 1477 2294 (ut
1512 2211 1628 2274 Jer'.
1658 2215 1719 2285 6,
1740 2213 1835 2269 13.
1888 2213 1984 2284 16,
2014 2216 2075 2267 6.
2112 2212 2216 2283 31,
2243 2207 2399 2288 34.),

187 2314 574 2387 cujuscunque
613 2307 968 2367 conditionis
1012 2316 1117 2364 aut
1159 2305 1403 2375 aetatis,
1464 2300 1662 2358 tribus·
1694 2307 1798 2365 aut
1841 2297 2101 2353 nationis
2143 2291 2400 2362 fuerint3
2443 2365 2447 2376 .

185 2391 508 2468 neminem,
576 2392 749 2452 modo
814 2392 1090 2472 dignum,
1137 2388 1398 2447 'suorum
1453 2383 1865 2443 beneficiorum
1927 2388 2218 2456 expertem
2274 2396 2401 2434 esse
2433 2448 2437 2452 .

185 2482 424 2557 patitur.
1655 2522 1660 2529 ,

170 2614 173 2621 .
359 2566 459 2622 14.
543 2562 813 2641 Augebit,
854 2563 971 2633 vel,
1009 2568 1222 2640 augeat
1253 2559 1313 2616 in
1346 2558 1468 2616 dies
1495 2555 1684 2634 magis
1712 2570 1782 2609 ac
1808 2544 1998 2628 magis
2030 2566 2193 2604 suam
2226 2548 2402 2606 bene-

185 2647 477 2706 ficentiam
519 2666 659 2726 erga
700 2665 805 2704 vos
845 2653 904 2704 et
946 2647 1156 2704 liberos
1192 2652 1439 2702 vestros.
1524 2639 1616 2699 Ad
1656 2640 1774 2722 510„ss
1818 2631 2097 2710 augebit,
2158 2631 2401 2689 subaud.
2494 2690 2498 2696 ,

189 2730 359 2803 bona,
402 2745 600 2808 estque
635 2731 765 2803 hoc,
809 2730 1123 2789 secundum
1153 2724 1601 2795 Aben-Esram,
1640 2722 1955 2797 explicatio
1985 2716 2403 2793 praecedentis,
2453 2760 2454 2763 η

191 2817 346 2892 quod
379 2816 715 2874 benedicere
749 2820 1124 2894 augmentum
1155 2812 1313 2886 bo'ni,
1350 2810 1704 2882 maledicere
1732 2824 1872 2864 vero
1909 2803 2029 2883 ejus
2063 2800 2405 2858 diminutio-

188 2919 321 2969 nem
353 2903 664 2982 significat,
707 2901 778 2958 cf.
811 2902 955 2959 Gen.
987 2902 1091 2972 30,
1122 2901 1222 2957 24.
1264 2897 1443 2955 Deut.
1479 2897 1535 2968 l,
1570 2890 1680 2949 11.·
1711 2890 1926 2949 2Sam.
1954 2889 2059 2957 24,
2086 2886 2152 2971 3.

365 3003 460 3059 16.
535 3002 689 3068 Quia
721 3002 869 3058 coeli
904 3009 963 3058 et
995 2999 1298 3057 terrae-in
1327 2997 1593 3073 proxime
1621 2988 1996 3069 praecedente
2024 2986 2209 3044 Versu
2240 3004 2432 3044 men--

190 3088 278 3145 tio
311 3087 468 3144 facta
497 3097 619 3158 est,
648 3086 790 3144 'ideo
820 3098 977 3147 nunc
1008 3085 1233 3143 subdit:
1278 3082 1506 3140 coelum
1532 3077 1683 3137 Jova
1714 3077 1831 3134 sibi
1856 3074 2141 3143 retinuit,
2179 3081 2409 3131 terram

189 3190 332 3230 vero
362 3171 693 3243 hominibus
724 3170 1096 3229 habitandam
1135 3169 1453 3241 concessit,
1517 3165 1741 3222 scilicet
1774 3169 1843 3218 ut
1879 3167 2071 3216 essent
2107 3157 2171 3213 in
2209 3158 2407 3230 terris,

194 3258 297 3334 qui
324 3254 585 3315 divinum
612 3264 826 3313 numen
854 3265 1268 3313 venerarentur
1300 3254 1534 3328 ejusque
1565 3247 1764 3306 laudes
1795 3242 2218 3322 praedicarent.

369 3348 489 3416 17:
548 3357 617 3414 In
647 3360 822 3415 coelis
854 3355 1081 3433 quidem
1105 3371 1416 3430 numquam
1446 3350 1677 3422 desunt,
1716 3348 1818 3423 qui
1849 3340 2054 3401 Jovam
2081 3342 2405 3416 celebrent3

191 3440 294 3501 sed
322 3444 516 3500 voluit
542 3440 701 3500 Deus
737 3442 1014 3500 celebrari
1051 3441 1298 3518 gloriam
1328 3452 1495 3492 suam
1529 3452 1650 3493 non
1678 3440 1906 3488 tantum
1940 3429 2005 3484 in
2036 3427 2253 3499 coelis,
2308 3428 2413 3486 sed

192 3529 367 3585 etiam
397 3529 462 3584 in
495 3524 587 3584 his
619 3530 821 3601 terris;
881 3526 1034 3602 quod
1069 3524 1196 3581 fieri
1226 3540 1346 3579 non
1377 3528 1602 3595 posset,
1656 3517 1712 3575 si
1743 3515 2026 3591 populus,
2083 3512 2186 3587 qui
2218 3512 2411 3586 ipsum

193 3613 368 3686 colit,
419 3610 490 3668 ab
522 3611 788 3669 hostibus
816 3611 1121 3668 deleretur.
1213 3605 1372 3663 Haec
1403 3606 1588 3682 igitur
1613 3601 1905 3659 sententia
1939 3606 2027 3653 est
2059 3594 2229 3670 hujus
2262 3595 2411 3653 Ver·
2498 3613 2502 3616 ’

194 3711 330 3756 sus:
382 3697 437 3753 si
467 3697 753 3773 permittis
782 3714 907 3765 nos,
948 3702 1182 3772 gentem
1212 3702 1407 3759 tuam,
1452 3689 1524 3746 ab
1555 3685 1811 3745 inimicis
1839 3681 2176 3740 nationibus
2203 3678 2436 3752 deleri,

193 3781 324 3856 quis
356 3790 488 3838 tuas
522 3782 717 3839 laudes
747 3782 813 3836 in
839 3782 1013 3836 terris
1042 3768 1463 3853 praedicabit?¹
1521 3773 1616 3831 An
1653 3769 1872 3828 mortui
1910 3782 2018 3823 nos
2060 3773 2116 3821 te
2156 3763 2410 3820 celebra-

192 3862 422 3931 bimus?
471 3863 566 3923 Cf.
596 3867 776 3938 6,10.
822 3864 925 3937 30,
950 3864 1043 3918 10.
1081 3889 1169 3903 —-—-
1223 3869 1386 3923 rma-t
1423 3851 1731 3935 ‘'TW-'2¹2
1771 3849 1887 3940 &⁰⁹22
1928 3847 2053 3906 Nec
2083 3844 2410 3922 laudabunt

193 3956 252 4004 te
292 3966 486 4007 omnes
525 3948 937 4008 descendentes
981 3946 1046 4003 in
1083 3927 1443 4015 silentibus„
1498 3922 1541 3998 i}
1567 3961 1617 4007 e,
1653 3920 2057 4014 sepulchrum,
2102 3934 2188 3988 sic
2216 3932 2410 3991 nomi-
2441 3997 2443 4001 7
2481 3954 2484 3965 ‘¹

194 4041 418 4105 natum,
448 4036 614 4111 qnod
642 4036 724 4093 ibi
741 4043 1051 4091 aeternum
1080 4033 1162 4095 sit
1186 4028 1497 4087 silentium.
1545 4024 1706 4082 'Hinc
1734 4021 1908 4079 etiam
1935 4017 2135 4076 Latini
2160 4014 2410 4073 silentes

193 4133 313 4190 pros
338 4122 584 4177 mortuis
610 4120 832 4177 dicunt.
898 4116 1000 4176 :D‘e
1032 4125 1199 4199 mgna
1225 4111 1345 4173 vid.
1375 4110 1594 4182 94‚-17=.
1632 4108 1776 4166 coll,
1799 4103 2070 4183 cognatis
2095 4100 2210 4159 Jes.
2229 4098 2334 4173 62,
2351 4102 2412 4157 7.

178 4217 267 4267 -ac
290 4199 392 4261 Pu.
418 4203 522 4274 22,
547 4205 631 4275 3.,
673 4214 732 4262 et
763 4205 838 4263 ad
866 4222 989 4263 rein
1018 4198 1150 4257 Job.
1179 4201 1240 4272 3,
1270 4200 1367 4259 17.
1396 4197 1497 4254 18.

208 4322 212 4326 *
360 4302 463 4359 18.
543 4302 802 4361 Sensust
860 4308 925 4360 at
963 4318 1075 4360 nos
1111 4301 1247 4360 dum
1276 4297 1388 4356 hau
1420 4294 1872 4363 vita'fruimnr,
1930 4289 2144 4347 erimus
2174 4295 2412 4346 tuarum

119 4377 124 4386 ¹
178 4385 428 4447 laudum
459 4387 682 4447 assidui
714 4388 1120 4466 praecones-in
1144 4385 1360 4458 terris,
1398 4398 1512 4442 nee
1531 4377 2217 4456 „curabimus-unquam,
2253 4368 2411 4450 quod

1631 4462 1680 4522 P
1708 4476 1747 4521 P
1779 4463 1824 4521 2
2149 4495 2154 4500 -
