2807 4913
257 254 265 264 ⁶
331 258 480 332 170
1232 259 1355 324 Pa.
1410 255 1525 342 26,
1595 282 1648 320 ι.

301 435 491 521 'culpa
531 452 755 515 careat,
815 455 873 499 et
910 442 1115 519 pietati
1154 441 1386 500 studeat
1427 443 1669 500 sincere.
1753 442 1833 502 Et
1871 440 2041 516 hujus
2079 445 2450 502 innocentiae
2482 455 2541 502 ot

323 523 506 588 studii
530 530 625 586 sui
656 528 762 586 hos
789 523 1013 585 fructus
1040 526 1219 601 petit,
1260 529 1741 604 quos-percipiat,
1783 538 1849 585 ut
1875 527 2156 586 liberetur
2185 550 2218 587 e
2248 531 2550 605 periculis,

323 633 507 690 neque
539 616 611 670 iis
644 612 813 670 malis
843 610 1162 685 afficiatur,
1207 629 1353 688 quae
1384 613 1497 687 ipsi
1530 613 1897 687 impendent,
1939 631 2084 670 neve
2118 615 2542 685 communibus,

326 718 456 756 cnm
490 697 685 773 impiis
722 696 984 754 hostibus
1023 696 1181 769 suis,
1226 698 1430 772 poenis
1462 697 1819 772 abripiatur,
1864 708 1968 769 ut,
2024 715 2269 773 quorum
2300 707 2540 773 peccata

327 802 449 841 non
483 785 768 859 peccarit,
809 798 1010 839 eorum
1048 798 1261 856 poenas
1302 799 1423 837 non
1461 780 1633 838 ferat.
1723 780 1914 857 Atque
1947 783 2031 839 ita
2060 784 2232 839 simul
2263 783 2539 858 implorat

317 870 613 947 justitiam
647 876 705 922 et
737 866 1192 925 misericordiam
1223 864 1371 936 Dei,
1408 865 1748 942 tandemque
1784 868 2081 942 promittit
2112 885 2147 922 a
2181 886 2243 923 se
2279 867 2539 925 studium
2567 898 2572 900 Α

325 953 580 1031 pietatis,
625 961 681 1009 et
710 954 856 1010 recti
887 951 1123 1032 verique
1154 950 1328 1006 etiam
1360 952 1423 1007 in
1456 959 1771 1025 posterum,
1811 964 1870 1008 et
1897 951 2337 1008 celebrationem
2364 953 2539 1009 bene-

326 1037 592 1095 ficiorum
620 1037 971 1095 divinorum.
1019 1063 1092 1077 —-
1139 1035 1364 1102 Quodsi
1395 1033 1641 1092 Davidis
1669 1036 1749 1091 sit
1775 1033 1886 1092 hoc
1914 1054 2178 1108 carmen,
2215 1036 2442 1113 possint
2471 1038 2538 1093 in

217 1137 228 1146 ’
329 1140 399 1177 eo
440 1139 508 1178 ea
537 1125 719 1179 recoli
753 1131 1044 1196 tempora,
1096 1136 1242 1195 quae
1290 1121 1318 1175 1
1342 1118 1499 1177 Sam.
1530 1119 1634 1191 22,
1665 1116 1724 1176 5.
1762 1118 1822 1177 8.
1866 1120 2307 1194 deseribuntur,
2360 1140 2537 1197 quum

327 1202 617 1279 Davides,
663 1208 726 1264 in
761 1210 914 1264 saltu
946 1202 1170 1260 Hareth
1199 1214 1584 1276 versaretur,
1612 1214 1671 1260 et
1700 1202 1844 1261 Saul
1872 1206 2089 1262 crimen
2121 1205 2537 1282 perduellionis

328 1292 442 1366 ipsi
472 1289 748 1364 inferret,
801 1308 971 1367 quam
1013 1289 1355 1344 calumniam
1394 1299 1627 1366 poetam
1666 1286 1778 1345 hoc
1810 1287 2047 1345 Psalmo
2087 1307 2122 1344 a
2160 1310 2221 1346 se
2258 1290 2538 1366 depellere

326 1377 583 1433 voluisse
613 1377 929 1433 verisimile
956 1374 1054 1429 sit.
1137 1372 1259 1432 Nec
1294 1373 1489 1446 obstat
1517 1373 1733 1431 altaris
1767 1384 1825 1430 et
1860 1374 2061 1431 domus
2091 1374 2277 1432 1ουαο
2317 1374 2537 1431 mentio

325 1455 429 1526 Vs.
459 1461 520 1515 6.
550 1462 606 1517 7.
637 1462 694 1519 8.
775 1460 926 1521 Nam
968 1467 1026 1514 et
1067 1458 1251 1515 altare
1294 1467 1353 1514 et
1389 1441 1558 1515 aedes
1591 1458 1822 1515 exstitit
1850 1468 1984 1515 ante
2015 1458 2287 1537 templum
2324 1458 2540 1515 Hiero-

326 1533 756 1619 solymitanum.
822 1544 1098 1613 Quamvis
1129 1544 1284 1599 enim
1315 1545 1618 1620 utriusque
1647 1541 1811 1599 illius
1844 1544 2006 1600 locus
2038 1554 2173 1600 ante
2209 1542 2537 1601 Salomonis

325 1646 571 1706 regnum
604 1630 756 1689 fixus
788 1647 908 1686 non
938 1628 1086 1699 fuit,
1124 1646 1345 1702 semper
1377 1637 1571 1685 tamen
1604 1628 1831 1684 exstitit
1862 1628 1983 1685 ab
1965 1646 2091 1703 ipsa
2116 1627 2297 1685 Musis
2325 1637 2538 1697 aetate,

325 1721 418 1784 et,
457 1732 572 1790 quo
601 1725 857 1790 tempore
887 1721 1059 1769 natus
1093 1722 1181 1768 est
1211 1711 1480 1784 Samuel,
1520 1721 1647 1768 erat
1679 1713 1742 1768 in
1768 1714 1911 1769 urbe
1942 1711 2104 1788 Silo,
2154 1718 2180 1773 l
2205 1712 2362 1771 Sam.
2391 1716 2448 1787 1,
2476 1713 2536 1768 3.

328 1799 428 1855 11.
453 1799 548 1854 13.
567 1818 709 1874 sqq,
739 1797 942 1855 deinde
969 1798 1029 1851 in
1046 1793 1489 1854 Cariathiearim
1516 1797 1787 1872 alibique.
1828 1800 2015 1874 Atque
2044 1816 2219 1873 quum
2247 1807 2334 1855 ter
2364 1809 2546 1875 quot-s

325 1884 497 1938 annis
523 1886 765 1940 masculi
797 1900 993 1941 omnes
1020 1882 1082 1936 in
1114 1881 1306 1938 locum
1334 1878 1511 1937 jovae
1545 1899 1796 1953 sacrum,
1826 1891 1893 1939 ut
1924 1884 2011 1938 rei
2040 1880 2272 1938 divinae
2302 1902 2535 1958 operam

278 1985 285 1988 ⁷
326 1966 550 2039 darent,
584 1971 683 2026 ire·
702 1976 1037 2026 tenerentur
1066 1960 1264 2043 (Deut.
1303 1968 1400 2037 16,
1429 1964 1573 2045 16.),
1618 1966 1857 2023 dubium
1889 1976 2145 2039 nonest,
2179 1969 2320 2043 quin
2347 1966 2535 2025 Davi-

326 2049 447 2122 des,
490 2055 651 2129 prius
680 2072 852 2130 quam
886 2054 950 2108 in
977 2053 1189 2108 saltum
1219 2050 1441 2108 Hareth
1473 2050 1722 2129 fugeret,
1761 2052 1918 2109 istud
1947 2052 2253 2128 religionis
2284 2051 2535 2132 officium

327 2136 513 2193 tribus
545 2155 663 2193 non
695 2140 879 2196 solum
898 2179 919 2210 ,
970 2137 1068 2193 sed
1097 2138 1359 2213 pluribus
1389 2136 1616 2193 vicibus
1650 2135 1896 2207 obierit,
1950 2136 2102 2211 quod
2134 2136 2319 2211 ipsum
2347 2136 2443 2192 Vs.
2474 2141 2534 2194 6.

328 2224 388 2279 7.
417 2222 474 2277 8.
514 2221 714 2280 forsan
753 2223 1088 2298 respexerit.
1171 2219 1370 2295 Neque
1400 2229 1594 2276 tamen
1625 2220 1930 2277 admodum
1960 2238 2190 2277 necesse
2220 2233 2337 2293 est,
2357 2222 2536 2288 ¹illam

323 2307 570 2364 aliamve
616 2310 916 2383 specialem
960 2308 1320 2363 occasionem
1358 2303 1577 2361 Psalmi
1618 2307 1924 2380 compositi
1970 2324 2212 2361 sumere.
2299 2306 2538 2367 Poterat

324 2392 479 2446 enim
504 2392 594 2449 ‘vel
629 2391 905 2461 Davides,
943 2389 1037 2447 vel
1072 2393 1220 2447 alius
1248 2392 1473 2446 sincere
1495 2391 1647 2465 pius,
1685 2393 1747 2446 in
1776 2393 2115 2447 universum
2144 2391 2250 2446 tali
2280 2394 2536 2449 carmine

324 2479 561 2548 testari,
619 2488 685 2534 ut
723 2496 798 2534 ex
841 2478 1037 2532 animo
1079 2476 1448 2533 innocentiae
1490 2475 1813 2546 studuerit,
1867 2478 2151 2532 malorum
2202 2478 2535 2535 societatem

325 2555 564 2639 fugerit,
607 2569 665 2618 et
690 2563 966 2641 religioni
1007 2560 1358 2630 incubuerit,
1397 2569 1570 2633 atque
1602 2558 1710 2616 hae
1746 2579 1884 2617 suae
1912 2561 2148 2632 pietatis
2178 2564 2535 2620 conscientia

321 2639 540 2720 fretus,
583 2647 902 2720 ultionem,
947 2664 1093 2724 quae
1135 2653 1331 2705 manet
1366 2644 1701 2721 improbos,
1743 2643 2057 2720 deprecari.

499 2817 554 2872 l.
641 2813 848 2874 ³:22}an
888 2812 1112 2876 Iadica
1152 2830 1274 2885 me,
1320 2831 1606 2913 cognosce
1641 2833 1872 2873 causam
1905 2832 2125 2886 meam,
2169 2822 2229 2871 et
2256 2777 2536 2873 ulciscere

248 2962 256 2969 ,
325 2919 452 2967 me,
509 2918 579 2956 ac
621 2884 840 2973 poenas
881 2919 1043 2958 sume
1082 2900 1150 2957 de
1189 2898 1454 2955 hostibus
1493 2901 1655 2956 meis.
1740 2894 1967 2958 Judicis
2007 2907 2125 2971 est,
2184 2917 2303 2956 non
2346 2900 2568 2957 solum'

308 3003 558 3042 *causam
591 3004 959 3064 cognoscere,
997 2985 1096 3042 sed
1123 2983 1316 3054 etiam,
1349 2984 1590 3064 cognita
1615 3003 1808 3056 causa,
1847 2987 2188 3042 innocentes
2214 2983 2539 3058 defendere,

321 3069 387 3126 in
421 3070 606 3128 malos
638 3089 777 3128 vero
805 3065 1280 3126 animadvertere.
1340 3065 1575 3125 Similes
1599 3072 1713 3125 loci
1744 3068 1840 3125 Ps.
1869 3069 1930 3141 9,
1960 3066 2017 3127 5.
2071 3071 2168 3142 17,
2192 3070 2252 3124 2.
2296 3068 2400 3141 35,
2428 3072 2533 3127 24.

324 3150 546 3239 ἿΠΞξΠ
586 3168 754 3236 ³7:17:
798 3164 899 3214 ὋΝ
945 3164 1018 3212 Ὁ
1059 3150 1211 3210 Nam
1253 3170 1360 3229 ego
1403 3155 1463 3210 in
1507 3153 1896 3230 simplicitate
1938 3171 2066 3210 mea
2108 3154 2360 3226 incessi,
2407 3155 2535 3212 sine

323 3220 492 3296 dolo
506 3218 943 3296 fraudulentave
986 3238 1342 3311 calliditate,
1401 3238 1500 3295 sed
1545 3238 1787 3294 candide
1828 3256 2050 3315 semper
2092 3251 2265 3316 atque
2306 3241 2534 3297 sincero

322 3331 452 3388 cum
485 3324 832 3382 adversariis
863 3325 1006 3380 meis
1039 3342 1166 3379 sum
1196 3332 1609 3392 conversatus,
1646 3333 1705 3380 et
1734 3340 1842 3398 pro
1874 3324 2097 3381 viribus
2128 3323 2536 3399 inculpabilem

321 3426 414 3470 mc
460 3408 722 3484 praestiti
765 3408 829 3464 in
869 3407 1057 3465 officio
1098 3427 1246 3467 meo.
1334 3415 1424 3470 nia
1471 3418 1530 3465 et
1575 3414 1742 3468 ΒἭΠ
1790 3409 2024 3484 proprie
2065 3409 2134 3466 de
2177 3429 2249 3465 eo
2297 3408 2535 3481 dicitur,

284 3498 288 3502 “
324 3492 478 3569 quod
513 3492 677 3549 nulla
715 3510 789 3550 ex
819 3504 983 3570 parte
1013 3495 1106 3550 sui
1133 3504 1222 3551 est
1251 3495 1637 3564 diminutum,
1676 3494 2042 3564 mutilatum,
2079 3512 2384 3565 mancum,
2427 3505 2535 3551 aut

322 3579 543 3674 alioqui
588 3577 838 3653 laesum,
892 3579 1251 3635 debilitatum
1299 3589 1357 3635 et
1399 3576 1780 3650 convulsum3
1835 3579 1920 3633 ita
1965 3577 2034 3635 de
2074 3578 2341 3635 victimis
2382 3579 2539 3636 omni

321 3661 475 3718 vitio
515 3670 578 3717 et
621 3660 747 3719 labe
791 3663 1132 3721 carentibus
1178 3660 1394 3718 dicitur
1437 3661 1625 3718 Exod.
1673 3661 1780 3733 12,
1816 3660 1872 3717 5.
1911 3660 2052 3720 Lev.
2090 3663 2146 3734 l,
2180 3663 2239 3718 3.
2283 3663 2400 3734 22,
2431 3660 2534 3721 25.

322 3744 376 3802 A
418 3746 587 3804 rebus
631 3751 924 3824 corporeis
969 3746 1040 3803 ad
1077 3740 1331 3803 animum
1365 3756 1424 3802 et
1460 3763 1650 3801 mores
1682 3747 2065 3819 translatum,
2121 3751 2206 3804 ita
2240 3748 2537 3825 integrum

321 3830 657 3910 significat,
709 3834 809 3907 qui
839 3850 958 3889 non
994 3831 1072 3887 sit
1106 3829 1513 3887 fraudulentus
1542 3837 1603 3886 et
1630 3831 1881 3888 versutis
1913 3833 2171 3889 consiliis
2196 3832 2359 3889 velut
2397 3849 2536 3907 par-

319 3914 467 3973 titus
505 3926 562 3973 et
606 3916 965 3974 imminutus.
1055 3913 1220 3972 vafri
1251 3912 1407 3972 enim
1437 3926 1496 3971 et
1526 3916 1644 3971 cati
1675 3914 1971 3988 homines,
2011 3918 2112 3991 qui
2145 3917 2266 3972 suis
2299 3924 2536 3974 tantum

318 3998 632 4057 commodis
665 4003 923 4070 student,
960 4017 1274 4074 numquam
1304 4007 1463 4057 totos
1496 4019 1558 4057 se
1586 3998 1883 4072 exhibent,
1930 3999 2030 4057 sed
2062 3998 2353 4073 dividunt,
2383 3996 2535 4059 facie

320 4092 379 4139 et
414 4083 599 4143 verbis
635 4086 941 4152 benevolos
983 4101 1044 4139 se
1085 4085 1220 4141 aliis
1260 4102 1430 4161 saepe
1470 4081 1851 4161 profitentur,
1903 4086 2085 4143 corde
2127 4094 2324 4142 autem
2363 4096 2422 4142 et
2468 4105 2536 4145 re

321 4168 450 4239 ipsa
479 4188 587 4226 sua
615 4179 841 4228 tantum
874 4177 1162 4242 quaerunt
1190 4179 1253 4226 et
1281 4179 1509 4229 curant.
1581 4169 1734 4228 Gen·
1761 4166 1868 4242 25,
1897 4171 2000 4230 27.
2037 4168 2288 4227 Iacobus
2317 4170 2538 4228 dicitur

318 4256 410 4312 nm
457 4253 590 4317 115³&
622 4255 933 4323 innocuus,
976 4251 1246 4329 simplex,
1288 4255 1528 4311 minime
1555 4253 1718 4313 vafer
1748 4263 1809 4310 et
1841 4261 2135 4312 versutus.
2202 4254 2537 4313 Abimelech

318 4318 468 4397 Gen.
495 4342 601 4413 20,
629 4336 685 4394 5.
703 4336 762 4395 6.
797 4334 1024 4393 dicebat
1046 4355 1289 4397 uxorem
1317 4338 1632 4398 Abrahami
1654 4337 1731 4397 ad
1755 4356 1818 4396 se
1851 4335 2225 4398 transtulisse
2254 4334 2334 4422 a}
2374 4340 2503 4414 Ε’Πει
2518 4378 2541 4412 ,
