2807 4913
819 1037 1654 1127 scH0L1A

836 1214 841 1221 ‘
1191 1222 1273 1269 IN

545 1351 1913 1427 PSALMOS.

1118 1699 1230 1758 Ps.
1294 1701 1346 1757 Ι.

164 1835 380 1954 Docet,
432 1882 565 1959 pios
616 1882 678 1938 in
722 1879 1034 1957 Jehovam,
1106 1902 1174 1940 ac
1219 1885 1412 1961 legum
1461 1883 1584 1959 ejus
1627 1883 1924 1943 studiosos
1974 1894 2050 1963 et,
2080 1891 2338 1941 amantes

161 1969 321 2026 beatos
357 1974 611 2030 existere
655 1971 782 2049 (Vs.
822 1981 850 2033 l
873 1973 1103 2048 ——3.),
1159 1984 1478 2051 contraque
1522 1993 1719 2032 omnes
1763 1976 2057 2050 improbos
2095 1976 2338 2031 miseros

165 2073 259 2110 ease
295 2052 413 2132 (Vs.
443 2060 483 2112 4
506 2090 580 2101 —-
604 2058 708 2131 6.).
794 2058 959 2116 Nihil
992 2063 1056 2116 in
1086 2057 1196 2115 hoc
1228 2057 1319 2114 Ps.
1355 2061 1647 2131 occurrit,
1702 2061 1855 2135 quod
1895 2060 1963 2116 de
1997 2061 2172 2117 certis
2207 2061 2339 2135 qui-

164 2138 359 2197 busdam
389 2145 684 2215 personis,
744 2152 846 2198 aut
880 2146 1054 2201 certis
1086 2145 1258 2201 rebus
1296 2146 1476 2220 gestis
1507 2143 1758 2221 cogitari
1790 2162 1896 2200 nos
1923 2146 2140 2216 jubeat.
2209 2143 2334 2201 Nec

167 2240 224 2278 an
246 2222 491 2298 Davidis,
530 2229 755 2284 aliusve
788 2237 987 2302 poetae
1026 2245 1256 2285 carmen
1295 2230 1577 2305 legamus,
1627 2228 1855 2285 definiri
1888 2237 2095 2299 potest.
2163 2225 2336 2284 Com-

166 2310 425 2366 mendatur
463 2313 531 2368 in
575 2314 915 2370 universum
958 2314 1267 2390 probitatis
1307 2323 1366 2368 et
1411 2314 1653 2369 virtutis
1692 2312 1980 2383 studium,
2039 2313 2336 2387 proposita

170 2388 357 2449 diversa
389 2397 620 2471 piorum
668 2408 728 2454 et
769 2399 1076 2474 impiorum
1121 2407 1295 2454 sorte.
1383 2398 1630 2456 Axioma
1670 2396 1815 2453 illud
1854 2416 1890 2453 a
1935 2396 2154 2455 Stoicis
2196 2397 2336 2451 olim

170 2485 424 2554 tantopere
481 2483 853 2541 decantatum
905 2485 1253 2557 exprimitur
1272 2525 1291 2558 ,
1361 2482 1516 2560 quod
1572 2484 1822 2540 'strictim
1871 2482 2143 2541 Socrates
2185 2479 2338 2556 apud

167 2557 453 2623 Platonem:
497 2567 567 2629 οἱ
606 2562 841 2645 ἀγαθοὶ
868 2572 993 2629 τῶν
1021 2564 1361 2642 ἀνθρώπων
1389 2562 1758 2644 εὐδαίμονες,
1809 2568 1868 2629 οἱ
1900 2567 2071 2629 κακοὶ
2102 2557 2339 2627 &Olent-

172 2645 296 2711 Quae
329 2653 635 2724 probitatis
665 2653 1083 2711 commendatio
1121 2654 1192 2710 ab
1224 2674 1329 2727 eo,
1379 2656 1483 2729 qui
1513 2656 1748 2733 collegit
1774 2652 2071 2726 Psalmos,
2124 2652 2333 2709 ceteris

171 2743 261 2786 non
298 2735 651 2795 incommode
690 2741 974 2813 prooemii
1012 2742 1141 2796 loco
1177 2742 1491 2815 praemissa
1530 2748 1637 2799 est.
1728 2739 1824 2796 Ex
1851 2756 1964 2814 quo
1996 2737 2212 2794 factum
2242 2737 2337 2793 vi-

172 2812 336 2890 detur,
382 2831 444 2877 ut
486 2823 739 2898 primum
781 2823 891 2880 hoc
931 2843 1163 2881 carmen
1206 2827 1268 2881 in
1300 2821 1658 2881 'aliis'CodtL
1694 2842 1816 2880 non
1846 2826 1924 2879 sit
1953 2831 2337 2891 numeratum,

170 2897 217 2953 in
241 2901 359 2959 aliis
390 2924 530 2964 vero
576 2910 826 2967 secundo
861 2912 1147 2982 junctum.
1232 2907 1347 2965 Sed
1392 2919 1459 2966 ut
1499 2908 1623 2965 Pss.
1662 2914 1718 2967 l.
1768 2916 1828 2964 et
1870 2910 1933 2964 2.
1977 2910 2115 2963 olim
2156 2924 2338 2962 unum

170 2979 334 3043 fecisse
375 2993 712 3066 credamus,
783 3004 944 3051 vetat
1000 2994 1145 3073 styli
1201 2996 1527 3053 diversitas.
1613 2993 1762 3052 Nam
1811 3012 1988 3069 quum
2026 2993 2091 3047 in
2137 2987 2231 3047 Pa.
2280 2991 2334 3058 1.

169 3071 319 3143 stylus
357 3075 430 3131 sit
473 3079 682 3153 planus
725 3088 783 3136 et
826 3077 1050 3153 facilis,
1096 3082 1159 3137 in
1194 3081 1250 3135 2.
1294 3089 1382 3136 est
1421 3079 1665 3153 elatior,
1708 3077 2058 3149 animosior,
2103 3074 2338 3147 fortior,

173 3156 325 3247 qualis
357 3176 473 3217 esse
515 3164 667 3218 solet
697 3166 814 3220 viri
847 3165 1272 3245 indignabundi
1305 3174 1364 3221 et
1390 3165 1767 3237 confidentis,
1825 3163 2038 3238 quique
2078 3159 2338 3219 hostium

172 3241 382 3299 msultus
408 3264 538 3302 cum
568 3257 859 3306 contemtu
891 3248 1155 3325 adspicit.
1208 3248 1294 3307 Cf.
1328 3259 1733 3329 argumentum
1768 3245 1861 3304 Ps.
1887 3249 1947 3304 2.

310 3360 363 3417 l·
441 3363 632 3449 125'25225
678 3364 849 3443 *fiij-{313
873 3364 1299 3423 Beatitudines
1332 3366 1494 3424 illius
1529 3366 1694 3424 viri!
1731 3361 1963 3422 Felicia
1987 3360 2162 3422 viro!
2200 3360 2338 3423 ἔπι-

175 3444 576 3526 φωνηματικῶς.
665 3444 795 3506 Vin'i
844 3453 995 3508 enim
1040 3453 1508 3525 interjectionum
1548 3448 2118 3527 accipiuntnomina
2159 3466 2338 3523 quae-

175 3526 296 3601 dam,
332 3534 597 3610 abrupte,
642 3533 714 3591 ob
747 3534 1035 3593 adfectum
1065 3537 1247 3592 animi
1276 3539 1549 3594 commoti
1578 3537 1917 3605 enuntiata,
1946 3549 2011 3590 ·e.
2044 3551 2103 3610 g.
2136 3525 2341 3619 relybj]

171 3614 474 3692 profanum,
518 3638 625 3694 pro
654 3617 857 3677 absit!
904 3621 1112 3680 lSam.
1141 3621 1245 3692 20,
1278 3624 1336 3678 2.
1392 3617 1527 3700 &³35
1572 3620 1932 3696 pronominis
1970 3621 2128 3676 vices
2160 3618 2341 3672 susti-

173 3709 276 3773 ητις
311 3720 440 3760 nam
466 3707 558 3760 uti
582 3721 749 3778 saepe
776 3704 1105 3781 quemlibet,
1146 3703 1397 3783 aliquem
1439 3705 1753 3784 significat,
1793 3706 1879 3760 sic
1918 3703 1979 3760 h.
2008 3706 2047 3760 l.
2079 3711 2166 3757 est
2206 3703 2248 3758 i.
2280 3719 2338 3775 q.

176 3778 253 3840 lat.
282 3781 470 3861 homo,
527 3792 566 3845 i.
599 3807 649 3844 e.
686 3787 799 3845 ille.
885 3791 1096 3871 ῠᾋξῑζίῆ
1147 3822 1229 3832 -·
1271 3802 1424 3867 ἾΨζς
1466 3790 1589 3859 Qui
1630 3808 1745 3845 non
1787 3787 2046 3846 ambulat
2088 3786 2151 3842 in
2196 3803 2337 3840 con-

181 3866 275 3923 cilio
313 3871 651 3950 impiorum,
690 3875 729 3929 i.
764 3894 813 3931 e.
853 3876 953 3952 qui
983 3858 1102 3931 n'ori
1128 3869 1394 3933 versatur
1410 3868 1557 3932 'cum
1585 3875 1893 3949 improbis,
1931 3875 2032 3949 qui
2077 3890 2195 3927 non
2237 3871 2339 3925 in·-

185 3953 336 4010 stituit
371 3960 551 4014 vitam
580 3957 669 4015 'de
717 3961 962 4017 consilio
1017 3969 1075 4015 et
1125 3963 1414 4016 sententia
1460 3959 1869 4032 improborum.
1952 3956 2339 4014 Praeteritum

184 4031 361 4118 (ἶςὶττ)
399 4061 562 4119 saepe
593 4044 663 4101 de
693 4064 784 4115 eo,
823 4045 977 4121 quod
1010 4047 1140 4118 quis
1170 4044 1357 4120 facere
1384 4044 1554 4114 solet,
1594 4046 1685 4101 vel
1716 4041 1869 4119 quod
1895 4042 2055 4100 omni
2083 4050 2340 4114 tempore

181 4120 340 4179 eodem
374 4128 542 4185 modo
587 4147 648 4184 se
689 4128 901 4199 habet,
956 4122 1248 4205 ἆοριστῶς
1292 4136 1637 4204 usurpatur,
1695 4137 1867 4202 atque
1923 4144 2024 4203 per
2073 4135 2340 4182 nostrum

182 4197 418 4265 Praesens
473 4214 771 4270 commode
826 4217 1157 4289 exponitur.
1257 4213 1386 4272 Vid.
1436 4214 1697 4272 GsssENn
1749 4210 2035 4288 Lehrgeb.
2091 4232 2149 4287 p.
2196 4211 2338 4268 763.
2377 4235 2410 4266 ·.

182 4294 286 4375 Ἓξ
312 4289 384 4356 ΝΒ
433 4304 650 4383 ῦἾὲζτξη
696 4307 899 4381 miz-‘3³
944 4296 1143 4376 Neque
1186 4299 1249 4355 in
1294 4300 1397 4356 via
1427 4308 1821 4376 peccatorum
1860 4298 2180 4365 consistit,
2218 4296 2257 4348 i.
2291 4311 2339 4350 e.

185 4384 362 4442 perstat
397 4378 564 4461 (coh.
596 4386 657 4454 8,
683 4374 961 4463 3.)',‘eam
988 4401 1110 4441 non
1137 4387 1524 4461 persequitur,
1564 4381 1665 4440 sed
1695 4385 1747 4439 si
1776 4384 1868 4440 vel
1894 4399 2090 4440 errore
2122 4381 2186 4436 in
2218 4395 2344 4434 eam
