2807 4913
1071 316 1369 404 1³3.54,
1431 316 1611 384 ιδ.
1698 363 1699 366 ¹
1959 279 1963 286 ’
2086 257 2087 260 ¹
2303 313 2454 391 345

233 498 471 579 quidem
501 485 590 557 sic
615 496 741 557 fere
769 497 962 559 habet.
1042 496 1238 558 David
1268 518 1389 561 non
1424 500 1522 560 diu
1554 510 1686 580 post
1710 498 1945 582 Duil-gi,
1985 500 2275 582 Idumaei,
2319 526 2457 584 per-

233 587 471 658 fidiam,
513 584 844 642 admonitus
876 586 1145 659 oraculo,
1196 587 1262 642 ni
1289 594 1514 646 mature
1546 591 1668 645 suis
1696 588 1868 646 rebus
1899 590 2262 664 consuleret,
2305 592 2455 665 fore,

236 680 310 728 ut
348 688 384 727 a
425 668 712 742 Ceilanis,
774 670 838 726 in
873 687 1119 747 quorum
1162 670 1302 727 urbe
1348 674 1722 746 morabatuw,
1774 661 1899 749 'ip'se
1945 691 2073 732 cum
2115 676 2238 731 suis
2269 674 2452 735 Saulo

227 742 569 823 'dederetur,
612 754 757 812 urbe
784 755 889 812 illa
919 755 1128 811 relicta
1156 754 1222 810 in
1251 752 1541 814 desertum
1577 756 1723 832 Siph
1760 774 1824 813 se
1851 775 1983 815 cum
2012 762 2300 817 sexcentis
2333 762 2457 818 cir·-

237 841 388 897 citer
428 840 576 896 viris
616 839 881 896 contulit.
969 838 1085 898 Sed
1126 856 1312 915 neque
1351 839 1436 896 ibi
1465 841 1762 899 diuftutus
1789 840 1924 898 fuit.
2006 841 2157 901 Nam
2192 843 2453 920 Siphaei‚

236 933 539 998 captantes
583 925 742 1002 regis
784 925 1069 1001 gratiam,
1133 925 1379 980 mittunt
1421 927 1625 983 statim
1667 926 1742 983 ad
1783 927 1950 983 illum
1995 935 2288 1001 oratores,
2349 929 2452 1005 qui
2550 937 2551 940 ’

236 997 593 1088 significent,
619 1005 903 1066 Davidem
929 1011 994 1066 in
1018 1026 1125 1064 suo
1145 1025 1293 1086 agro
1316 1011 1683 1083 commorari,
1703 1007 2196 1089 polliceanturque
2226 1032 2455 1072 omnem

237 1112 505 1169 operam,
544 1099 616 1148 ut
648 1093 771 1169 ipse
801 1094 866 1150 in
894 1109 1099 1150 manus
1125 1093 1283 1168 regis
1312 1092 1596 1151 tradatur.
1676 1095 1890 1154 Saulus
1920 1114 2061 1155 vero
2092 1097 2450 1155 collaudatos

238 1175 541 1250 homines,
597 1177 752 1253 quod
780 1194 944 1235 suam
963 1178 1157 1254 ¹vicem
1188 1173 1546 1251 doluissent,
1596 1176 1870 1237 hortatus
1902 1187 2023 1253 est,
2080 1183 2455 1258 explorarent

241 1263 575 1342 diligenter,
620 1280 735 1338 quo
767 1262 831 1320 in
860 1264 992 1321 loco
1022 1269 1355 1319 versaretur
1378 1259 1596 1337 David,
1628 1266 1993 1340 promittens,
2030 1283 2093 1323 se
2124 1265 2289 1325 brevi
2320 1284 2454 1326 cum

239 1347 473 1426 ingenti
502 1348 764 1405 exercitu
792 1346 1146 1406 adfuturum.
1214 1344 1338 1403 Nec
1365 1364 1553 1405 mora.
1618 1348 1836 1409 Statim
1864 1349 2081 1408 Saulus
2105 1350 2454 1426 insequutus

237 1439 334 1491 est
373 1430 695 1503 Davidem,
751 1432 854 1508 qui
890 1441 1013 1488 tum
1046 1439 1174 1488 erat
1201 1430 1267 1487 in
1294 1426 1567 1490 Maonico
1596 1431 1862 1508 deserto,
1915 1441 1977 1491 et
2015 1433 2254 1513 cognito
2291 1436 2454 1515 regis

238 1518 494 1575 adventu
533 1534 734 1593 rupem
772 1514 1060 1591 quandam
1099 1514 1426 1588 insederat,
1480 1535 1513 1574 e
1555 1534 1671 1595 qua
1713 1519 1819 1580 vix
1864 1518 2152 1594 potuisset
2189 1518 2453 1593 evadere,

238 1602 593 1659 constrictus
635 1601 802 1678 quasi
843 1602 1225 1677 irretitusquc
1265 1599 1337 1657 ab
1374 1599 1571 1675 hoste,
1624 1603 1746 1660 nisi
1786 1600 1923 1660 huic
1959 1603 2201 1660 nuntius
2232 1604 2450 1661 allatus

236 1685 479 1758 fuisset,
535 1684 889 1743 Philithaeos
921 1686 1205 1762 irrupisse
1233 1686 1299 1741 in
1328 1703 1608 1765 regnum,
1663 1704 1810 1765 quae
1837 1705 1931 1744 res
1964 1685 2209 1747 Saulum
2235 1688 2454 1767 coegit,

239 1772 420 1834 misso
447 1769 695 1845 Davide,
745 1770 1036 1844 decedere,
1086 1779 1145 1828 et
1174 1767 1285 1827 hoc
1314 1772 1537 1844 solum,
1575 1770 1700 1829 Deo
1729 1773 1815 1831 ita
1848 1780 2123 1845 curante,
2164 1769 2453 1831 Davidem

240 1865 369 1913 tum
397 1864 815 1914 conservasset.
898 1854 1227 1915 Secundum
1257 1863 1452 1913 autem
1479 1856 1743 1933 proditus
1772 1856 1891 1916 fuit
1923 1874 1960 1913 a
1988 1853 2279 1932 Siphaeis,
2319 1876 2455 1916 cum

239 1940 309 1998 in
349 1942 546 2000 vicina
586 1941 918 1999 solitudine.
942 1937 1223 1998 Hachilae
1261 1939 1489 2015 latuit,.
1531 1959 1646 2018 quo
1684 1942 1958 1999 similiter
2001 1940 2276 1999 adversus
2320 1960 2453 2000 eum

241 2027 564 2084 exercitum
612 2024 818 2084 eduxit
869 2021 1125 2100 Saulus,
1203 2022 1304 2082 sed
1343 2025 1603 2099 minore,
1674 2044 1846 2104 quam
1890 2034 2121 2098 antea,
2159 2042 2452 2084 successu.

238 2100 446 2169 David
478 2111 633 2168 enim
664 2118 861 2169 castra
894 2109 1068 2171 Sauli
1107 2118 1282 2171 noctu
1313 2110 1614 2189 ingressus
1628 2151 1649 2185 ,
1712 2111 1884 2189 gravi
1920 2127 2130 2187 sopore
2164 2109 2453 2170 divinitus

242 2194 508 2253 immisso
547 2204 608 2252 et
636 2193 818 2255 Saulo
856 2205 916 2252 et
949 2195 1066 2254 toti
1097 2194 1416 2267 exercitui,
1462 2204 1587 2253 tum
1616 2192 1895 2273 scyphum
1927 2202 1985 2251 et
2013 2191 2240 2254 hastam
2271 2194 2456 2258 Saulo

238 2280 517 2338 stertenti
552 2280 795 2339 abstulit
825 2288 884 2338 et
914 2281 1201 2357 potuisset
1230 2296 1361 2336 eum
1389 2278 1744 2352 interficere,
1785 2279 1839 2337 si
1868 2279 2171 2336 voluisset.
2250 2277 2459 2357 Itaque

239 2362 302 2421 e't
331 2383 463 2421 cum
496 2365 650 2424 bona
684 2365 880 2443 gratia
907 2382 1015 2422 sua
1043 2372 1249 2443 sponte
1286 2362 1359 2419 ab
1387 2382 1457 2421 eo
1486 2374 1792 2422 exoratum
1819 2362 2065 2421 abduxit
2091 2360 2367 2444 Saulus„
2393 2373 2456 2421 et

237 2450 688 2523 reconciliatus,
732 2459 802 2507 ut
829 2449 1015 2508 videri
1045 2449 1269 2522 voluit,
1311 2446 1603 2527 alDavide
1633 2448 1916 2508 discessit.
2003 2448 2166 2516 Quae
2204 2445 2461 2506 historia

241 2528 568 2611 perscripta
596 2545 684 2594 est
718 2535 747 2592 l
768 2533 928 2593 Sam.
957 2532 1061 2592 26.
1145 2532 1296 2591 Utra
1322 2533 1510 2613 igitur
1541 2535 1607 2591 in
1636 2535 1811 2592 titulo
1843 2533 2016 2610 hujus
2045 2531 2268 2590 Psalmi
2298 2531 2461 2590 indi-
2530 2544 2533 2549 ’

241 2629 443 2693 cetur,
486 2621 688 2697 quaeri
715 2629 944 2697 potest,
982 2636 1167 2695 neque
1198 2628 1393 2675 tamen
1418 2615 1493 2675 ad
1523 2618 1807 2696 liquidum
1838 2638 1961 2677 rem
1992 2618 2297 2695 quisquam
2324 2636 2462 2696 per·
2576 2626 2601 2673 J

244 2703 503 2778 duxerit,
544 2723 719 2783 quum
750 2707 815 2761 in
845 2704 1102 2763 carmine
1135 2704 1331 2760 omnia
1355 2704 1478 2771 sint
1507 2705 1897 2782 generaliora,
1926 2720 2111 2777 neque
2141 2701 2458 2779 quidquam

241 2787 401 2865 quod
431 2789 505 2848 ad
529 2791 777 2862 speciale
805 2787 1041 2867 aliquod
1067 2782 1285 2849 factum
1308 2786 1519 2846 referri
1549 2797 1708 2847 certo
1734 2788 1938 2864 possit.
1993 2783 2245 2844 Difficile
2273 2786 2458 2860 dictu,

242 2873 466 2950 Syrum
499 2873 638 2952 quid
680 2874 964 2947 moverit,
1023 2891 1130 2930 cur
1168 2871 1347 2929 aliam
1391 2873 1596 2948 plane,
1656 2890 1830 2951 quam
1864 2871 2114 2930 hebraea
2145 2871 2455 2947 inscriptio

175 2958 182 2963 ’
242 2958 502 3032 indicat,
568 2955 782 3016 Psalmi
832 2959 1194 3019 occasionem
1238 2956 1464 3016 fecerit.
1545 2955 1717 3015 Hanc
1768 2959 1921 3016 enim
1964 2955 2213 3032 Syriaca
2260 2956 2459 3016 versio

241 3042 419 3116 hujus
460 3042 681 3101 Psalmi
720 3040 1074 3123 epigraphen
1113 3043 1300 3122 gerit:
1363 3040 1509 3100 Cum
1553 3041 1818 3099 misisset
1855 3039 2066 3098 David
2101 3035 2353 3098 Joabum
2393 3048 2460 3096 et

242 3124 584 3186 exereitum
624 3145 792 3186 suum
833 3125 917 3184 ad
942 3121 1342 3208 pugnandum
1382 3136 1601 3184 contra
1639 3125 2002 3184 Absalonem.
2087 3121 2274 3182 Nobis
2314 3141 2459 3183 vero

240 3221 343 3271 est
378 3224 693 3292 tropaeum
731 3220 795 3270 et
831 3212 1033 3272 oratio
1074 3211 1209 3286 ejus
1252 3212 1357 3290 qus·
1396 3229 1439 3269 a
1470 3209 1601 3269 Deo
1642 3209 2010 3284 defenditur.
2093 3214 2326 3290 0³9³&
2355 3199 2460 3267 Si·-
2510 3274 2522 3291 ·

230 3295 445 3378 phaes',
491 3298 685 3374 oppidi
711 3295 865 3376 sipla
902 3294 964 3378 (a
993 3297 1324 3371 conditore,
1364 3298 1458 3355 uti
1483 3296 1748 3367 videtur,
1791 3297 1880 3353 sie
1909 3290 2217 3373 appellati,
2254 3295 2294 3373 ¹l
2320 3291 2459 3351 Chr.

246 3383 323 3456 2,
355 3382 497 3460 42.)
540 3384 765 3440 incolae
811 3384 876 3440 in
923 3382 1164 3440 desertis
1205 3380 1422 3454 Iudae,
1480 3398 1659 3457 prope
1700 3378 1878 3437 Maon
1920 3388 1982 3437 et
2019 3377 2279 3449 Carmel,
2335 3377 2458 3436 Jos.

251 3468 358 3539 15,
387 3466 486 3525 55.
571 3464 763 3528 Verba
793 3466 1178 3543 Siphaeorum
1210 3465 1285 3525 ad
1318 3466 1567 3525 Saulum
1599 3473 1998 3522 memorantur
2026 3461 2201 3520 haec:
2244 3460 2461 3520 Nonne

245 3550 459 3611 David
495 3550 644 3609 latet
684 3550 852 3632 apud
886 3549 1038 3608 nos?
1106 3569 1253 3629 quae
1286 3551 1677 3632 interrogatio
1719 3568 1806 3606 ex.
1831 3550 2182 3625 proprietate
2222 3549 2460 3625 linguae

245 3636 689 3697 affirmationem
719 3635 927 3710 habet,
980 3644 1041 3696 et
1078 3646 1147 3694 ut
1187 3635 1436 3712 simplex
1473 3633 1755 3692 indicium
1797 3633 2072 3708 capienda
2111 3642 2217 3689 est.
2284 3631 2460 3688 Valet
2503 3634 2505 3636 ’

246 3723 315 3780 in
356 3721 686 3796 hujusmodi
723 3719 1029 3798 phrasibus
1075 3716 1212 3783 &⁶⁷:37
1253 3721 1406 3780 idem
1449 3715 1608 3798 quod
1650 3729 1787 3802 §7253
1827 3717 2002 3777 ecce!
2062 3714 2153 3775 cf.
2194 3716 2471 3776 GEsnmr

250 3804 467 3864 Gesclz.
509 3806 568 3867 d.
608 3804 771 3867 hebr.
815 3802 958 3888 Spr.
1002 3824 1057 3884 p.
1092 3785 1214 3866 391⁸
1323 3880 1326 3885 μ
1361 3858 1366 3865 .

375 3988 380 3991 ’
425 3978 485 4033 3.
570 3971 831 4058 ’ζξῆρἧΐτ
884 3973 1066 4066 *pqw'n
1122 3968 1341 4070 ῠήἒιξ
1376 3971 1545 4032 Deus
1583 3974 1808 4035 salvum
1848 3976 1936 4032 mc
1974 3969 2195 4031 reddas
2237 3969 2479 4027 nominc*

252 4069 397 4134 tuo,
442 4062 484 4117 i.
511 4080 561 4119 e.
605 4080 711 4137 ope
745 4069 882 4134 tua3
938 4053 1143 4117 nonien
1183 4058 1321 4118 Dei·
1345 4079 1453 4137 pro
1484 4056 1610 4118 Deo
1646 4063 1771 4137 ipso
1809 4061 2043 4135 ejusque
2068 4057 2340 4127 numine,
2395 4063 2464 4112 ut

250 4148 360 4218 44,
388 4148 444 4203 6.
488 4144 590 4218 52,
624 4146 719 4203 ll.
750 4146 825 4203 al.
912 4156 1116 4225 ’ἔπῃ-,ιη
1166 4153 1478 4232 {qr-managa
1519 4143 1604 4202 Ee
1627 4144 2016 4217 fortitudine
2055 4149 2196 4214 tua,
2250 4140 2317 4197 in
2346 4157 2464 4216 qua

141 4298 151 4315 Ι
247 4232 378 4289 sola
410 4246 570 4305 spem
601 4228 820 4303 habeo,
871 4248 1001 4288 eum
1032 4210 1334 4288 anl‘versiffin
1368 4210 1459 4286 me
1494 4238 1582 4286 tot
1615 4233 1770 4307 iique
1799 4237 2062 4308 potentes
2091 4224 2290 4284 hostes
2323 4241 2467 4280 con-

248 4316 575 4390 spirarint,
621 4312 843 4387 judica
887 4333 1015 4388 me,
1071 4316 1113 4370 i.
1145 4335 1193 4371 e.
1226 4315 1323 4388 jus
1354 4331 1542 4372 meum
1574 4323 1733 4373 tuere
1767 4325 1827 4372 et
1856 4313 2134 4371 ulciscere
2165 4329 2275 4368 me.
2363 4307 2469 4376 Sic

246 4400 492 4459 verbum
521 4410 618 4484 ’μ’-ἰ
650 4397 964 4477 judicare,
1005 4401 1231 4480 saepius
1267 4409 1377 4473 est,
1418 4416 1680 4460 caussam
1715 4399 1975 4481 oppressi
2001 4395 2247 4477 alicujus
2276 4409 2470 4474 agere,
