2807 4913
348 243 505 323 280
1082 227 1089 242 ’
1218 249 1384 320 -Ρε,
1430 247 1553 356 42,
1611 272 1677 319 1.

355 431 547 495 Deu'm
575 430 791 490 fundit.
855 430 1124 496 ,Ardenti
1157 450 1220 489 se
1256 432 1577 507 desiderio,
1619 435 1809 498 cultui
1837 433 2017 494 levae
2045 432 2278 511 publico
2313 432 2582 511 festoque

355 523 484 594 ejus
513 521 811 589 interesse,
849 516 1034 572 teneri
1065 516 1387 592 profitetur.
1471 518 1820 577 Excruciari
1853 521 2109 576 animum
2144 521 2410 593 queritur
2444 538 2585 593 par-

362 608 469 663 tim
498 601 878 661 insultatione
902 597 1179 672 hostium,
1218 604 1574 678 vocibusque
1598 606 1930 680 impiorum,
1969 602 2359 659 frustraneum
2391 606 2585 677 picta-

285 743 290 746 2
362 691 442 747 tis
472 690 538 746 in
566 680 775 743 Jovam
803 680 1084 756 studium,
1123 687 1220 741 cui
1251 684 1442 744 fuerat
1471 686 1720 759 deditus,
1763 689 1876 764 ipsi
1909 687 2329 760 objicientium,
2364 690 2583 762 partim

364 788 770 834 aerumnarum
796 778 855 825 ct
884 769 1259 826 multitudine
1286 780 1345 826 et
1370 772 1772 850 magnitudine
1803 791 2154 848 oppressum.
2212 770 2355 829 Mox
2386 782 2587 827 tamen

363 875 426 928 sc
459 857 646 931 ipsum
684 871 721 911 a
753 870 1015 911 moerore
1048 854 1314 911 sublevat
1344 873 1442 931 spe
1475 865 1671 926 certa,
1726 856 1887 927 fore,
1937 867 2003 913 ut
2035 856 2265 913 tandem
2307 856 2585 913 desiderii

362 943 460 1008 sni
488 955 721 1015 compos
746 937 871 996 fiat.
926 936 1017 994 De
1047 940 1323 996 carminis
1354 949 1593 999 auctore
1623 951 1683 1000 et
1715 944 2019 1000 occasione
2046 936 2170 1000 vid.
2202 940 2305 998 Vs.
2337 942 2392 998 Ι.

541 1112 596 1167 l.
652 1105 741 1163 De
769 1101 987 1186 ⁷2⁸2,in
1011 1105 1128 1163 vid.
1157 1105 1424 1192 Prolegg.
1456 1125 1513 1183 p.
1544 1108 1646 1165 20.
1691 1138 1784 1154 ·--
1836 1114 1976 1197 Γτζφ
2022 1105 2178 1201 ³3:3⁷3.
2232 1106 2403 1180 Cora,
2441 1127 2584 1185 pro-

365 1203 575 1269 nepote
599 1193 762 1263 Levi,
803 1188 1064 1267 principe
1095 1192 1517 1264 conjurationis
1547 1204 1754 1251 contra
1778 1193 2002 1267 Mosen,
2045 1213 2080 1249 a
2115 1205 2272 1251 terra
2300 1195 2577 1269 absorpto

366 1276 569 1356 (Num.
604 1272 762 1351 16.),
807 1277 1026 1332 servati
1055 1275 1294 1332 fuerunt
1325 1275 1437 1333 filii
1472 1279 1595 1351 ejus
1626 1290 1777 1351 tres,
1818 1280 1976 1351 Asir,
2017 1276 2267 1350 Elkana,
2307 1289 2366 1335 et
2397 1279 2580 1334 Abia·-

369 1361 510 1438 saph
542 1358 740 1440 (Num.
772 1361 878 1431 26,
911 1354 1057 1439 11.).
1108 1358 1203 1418 Ex
1236 1358 1443 1417 horum
1474 1364 1723 1437 posteris
1752 1361 1993 1420 fuerunt
2024 1363 2256 1440 quidam
2285 1381 2414 1419 cum
2440 1364 2579 1423 aliis

363 1447 585 1517 Levitis
638 1464 675 1502 a
724 1441 952 1502 Davide
1001 1443 1076 1501 ad
1127 1443 1550 1502 decantandum
1594 1465 1790 1505 sacros
1832 1446 2077 1525 hymnos
2120 1449 2458 1516 constituti,
2517 1455 2581 1503 et

365 1533 523 1590 inter
564 1548 663 1588 eos
703 1526 974 1600 Heman,
1030 1530 1370 1604 praecipuus
1410 1528 1725 1588 Cantorum
1766 1533 2066 1608 princeps,
2124 1542 2191 1588 ut
2231 1540 2458 1588 constat
2499 1549 2579 1590 cx

370 1618 401 1678 l
423 1614 558 1683 Chr.
585 1616 647 1688 6,
666 1615 770 1678 22.
804 1614 937 1672 coll.
965 1613 1064 1669 31.
1094 1630 1214 1687 s‘qq.
1249 1615 1311 1685 9,
1335 1614 1428 1669 19.
1456 1616 1560 1686 26,
1587 1618 1636 1676 1.
1678 1615 1870 1679 2Chr.
1894 1619 2000 1687 20,
2023 1617 2137 1687 19.,
2178 1617 2277 1672 ubi
2313 1621 2582 1701 ”³¹37ssss

367 1701 645 1766 dicuntur
699 1697 1022 1755 surrexisse
1070 1694 1142 1753 ad
1188 1696 1540 1761 laudandum
1584 1699 1808 1764 Jovam,
1897 1701 2008 1758 His
2050 1700 2314 1760 undecim
2363 1692 2581 1757 Psalmi

351 1785 633 1860 'inscripti
662 1781 939 1861 leguntur
972 1777 1229 1857 (praeter
1255 1792 1521 1844 nostrum
1551 1785 1845 1844 44—49.
1878 1787 1978 1842 84.
2016 1785 2115 1844 85.
2149 1785 2246 1845 87.
2279 1778 2429 1859 88),
2472 1784 2578 1843 sed

366 1871 656 1939 incertam
684 1876 804 1939 est,
856 1883 936 1927 an
967 1864 1132 1935 ideo,
1189 1866 1343 1940 quod
1376 1868 1488 1942 ipsi
1516 1887 1712 1925 eorum
1743 1868 2104 1927 Psalmorum
2134 1878 2400 1928 auctores
2435 1869 2580 1940 sint,

370 1972 445 2022 an
486 1953 641 2027 quod
681 1952 869 2015 solum
906 1968 1010 2028 per
1047 1966 1145 2009 eos
1183 1949 1406 2006 fuerint
1445 1951 1769 2028 decantati3
1825 1964 2074 2029 quatuor
2114 1972 2357 2029 namque
2391 1952 2582 2008 millia

366 2044 711 2108 cantorum,
824 2034 885 2091 ui
932 2044 1123 2096 certos
1168 2033 1455 2092 habebant
1499 2038 1768 2110 ordines,
1838 2048 2135 2113 certasque
2184 2039 2338 2094 vices
2381 2034 2585 2095 David

369 2123 671 2197 selegerat,
723 2122 750 2175 l
821 2117 910 2178 hr.
940 2119 1044 2177 23.
1134 2117 1202 2176 ln
1233 2115 1536 2195 utramque
1569 2132 1785 2197 partem
1815 2123 2166 2197 disputatum
2199 2121 2298 2177 vid
2324 2121 2387 2176 in
2417 2116 2469 2174 J.
2500 2118 2581 2177 G.

368 2204 710 2276 Caarzovn
742 2200 1086 2261 Introduct.
1116 2206 1176 2260 in
1206 2201 1416 2262 Libros
1446 2203 1770 2265 Canonicos
1812 2206 1940 2263 Vct.
1974 2204 2139 2267 Test.
2173 2204 2233 2262 Ρ.
2260 2204 2322 2262 11.
2361 2224 2414 2286 p.
2438 2205 2581 2265 105.

275 2353 279 2358 ,
366 2288 520 2349 Mihi
545 2289 864 2347 verisimile
899 2298 1007 2359 est,
1053 2287 1339 2360 Psalmos‚
1384 2290 1591 2365 quibus
1626 2310 1835 2356 nomen
1868 2289 2235 2355 Coraitarum
2270 2298 2585 2362 praenota-

275 2395 292 2412 *
368 2385 493 2445 tum
530 2385 650 2445 est,
694 2393 730 2431 a
763 2374 1108 2449 primoribus
1142 2392 1216 2430 ex
1247 2391 1444 2430 eorum
1480 2372 1683 2440 ordine
1715 2396 1838 2438 esse
1869 2375 2135 2437 dictatos.
2222 2373 2370 2434 Nam
2415 2374 2468 2432 si
2506 2372 2582 2435 ab

369 2463 505 2531 aliis
538 2459 743 2517 dictati
776 2467 1001 2530 essent,
1046 2460 1259 2523 alicubi
1293 2469 1596 2516 auctorum
1634 2464 1871 2523 nomina
1902 2463 2232 2539 legerentur
2262 2459 2584 2532 adscripta,

366 2547 523 2607 sicut
556 2542 653 2601 Ps.
683 2545 788 2605 39.
832 2543 1069 2599 titulum
1110 2541 1281 2599 habet
1313 2534 1666 2616 Jeduthuni,
1704 2543 1840 2603 orla
1863 2543 2145 2617 Davidis,
2187 2553 2254 2601 ut
2287 2561 2387 2618 per
2419 2542 2588 2598 ordi-

367 2648 501 2693 nem
530 2626 877 2699 Jeduthum,
936 2626 1303 2695 decantatum
1340 2637 1397 2685 et
1438 2645 1473 2683 a
1501 2625 1727 2692 Davide
1762 2649 2045 2714 agnoscas
2079 2630 2320 2687 editum.
2398 2624 2587 2682 Prae-

368 2723 528 2775 terea
569 2710 948 2770 historiarum
988 2714 1239 2788 scriptor
1282 2707 1345 2788 (1
1373 2710 1517 2790 Reg.
1548 2714 1611 2783 4,
1640 2709 1810 2790 31.),
1867 2717 2069 2770 volens
2110 2712 2440 2790 praedicare
2485 2728 2586 2773 sa·-

364 2799 644 2874 picntiam
663 2796 1018 2869 Salomonis,
1045 2798 1223 2874 regis,
1252 2814 1365 2870 qua
1394 2806 1633 2857 cunctos
1659 2801 1933 2855 mortales
1963 2799 2337 2878 praecelluit,
2355 2793 2587 2852 confert

367 2900 498 2938 eum
538 2882 886 2938 nominatim
924 2878 1189 2952 Ethani,
1229 2879 1601 2953 Esrachitae,
1645 2880 1936 2956 Hemam‘,
1983 2882 2184 2943 Calcat
2221 2890 2280 2937 et
2310 2878 2584 2938 Dardae.

362 2964 524 3024 Hinc
551 2965 694 3021 satis
726 2968 928 3040 aperte
955 2967 1278 3043 colligitur,
1301 2962 1643 3039 Hemonem,
1673 2965 1968 3032 Coraitam
1999 2969 2059 3042 (l
2079 2965 2214 3024 Chr.
2236 2964 2412 3035 6,18.
2431 2964 2619 3040 22.)‚;

366 3069 496 3107 cum
540 3050 728 3108 tribus
767 3050 927 3120 illis,
984 3068 1128 3127 quos
1162 3048 1478 3106 historicus
1512 3052 1683 3109 simul
1715 3054 2079 3125 nominavit,
2137 3049 2484 3108 eruditionis
2524 3057 2587 3106 et

362 3136 684 3210 sapientiae
729 3134 907 3191 fuisse
955 3130 1126 3209 quam
1170 3136 1541 3208 rarissimae,
1602 3147 1669 3193 ut
1714 3136 1922 3212 quibus
1966 3139 2039 3194 cx
2078 3136 2237 3192 omni
2282 3132 2586 3196 hominum

363 3238 576 3296 genere
617 3219 878 3291 selectis,
927 3217 1330 3292 Salomonem,
1386 3212 1671 3296 sapientia
1703 3232 1765 3277 et
1796 3222 2119 3280 eruditione
2158 3227 2322 3274 tanto
2357 3226 2487 3292 post
2520 3235 2585 3275 se

271 3360 281 3366 ,
358 3303 674 3360 intervallo
707 3314 947 3360 cunctos
979 3305 1258 3366 mortales
1290 3305 1730 3380 relinquentem,
1763 3312 2215 3381 comparaverat.
2277 3296 2587 3377 Quumque

361 3385 597 3454 ‚Salomo
640 3389 852 3463 spiritu
895 3389 1158 3445 carmina
1201 3390 1495 3467 pangendi
1546 3391 1843 3465 praeditus
1898 3390 2114 3462 fuerit,
2190 3406 2324 3444 nam
2368 3385 2587 3444 ibidem

361 3471 425 3545 (1
450 3471 592 3550 Reg.
618 3475 681 3546 4,
715 3470 847 3550 32.)
886 3475 1107 3552 legitur
1150 3475 1538 3548 composuisse
1577 3477 1831 3550 quinque
1860 3465 2105 3544 millia,
2152 3471 2412 3547 equielem
2457 3487 2587 3526 non

362 3556 713 3630 dubitarim,
774 3558 973 3617 eodem
1014 3567 1075 3616 et
1115 3559 1368 3613 valuisse
1412 3556 1728 3615 Hemancm
1771 3559 2033 3634 aliosque
2074 3556 2371 3624 Coraitas,
2430 3570 2582 3627 quos

358 3638 619 3699 Davides
675 3642 857 3706 sacris
916 3641 1272 3718 praefecerat
1334 3641 1730 3701 cantionibus.
1819 3644 2118 3719 Quotquot
2172 3651 2362 3696 autem
2422 3639 2587 3700 inter

355 3723 622 3784 Psalmos
659 3724 1027 3786 Coraitarum
1069 3727 1490 3802 praescriptum
1533 3723 1748 3784 habent
1787 3745 2034 3797 nomen,
2097 3725 2306 3797 majori
2343 3730 2402 3778 et
2448 3739 2591 3778 ora·

360 3811 541 3869 tionis
575 3818 636 3867 ct
666 3813 1085 3872 sententiarum
1116 3806 1471 3867 sublimitate
1500 3820 1844 3887 exsurgunt,
1885 3821 2056 3885 atque
2087 3807 2324 3866 affectus
2353 3808 2588 3881 spirant

357 3896 768 3961 concitatiores
800 3894 1389 3970 vehementioresque,
1434 3910 1781 3975 quaquuae
1814 3913 1848 3950 a
1876 3893 2100 3951 Davide
2130 3892 2589 3968 proficiscuntur

361 3981 651 4053 carmina,
721 3980 929 4057 quippe
980 3997 1126 4055 quae
1169 3978 1506 4033 remissiora
1551 3986 1609 4033 et
1651 3980 1917 4054 planiora
1964 3988 2136 4049 sunt,
2190 3977 2633 4050 animumque·

359 4063 613 4137 produnt
647 4066 941 4131 variarum
971 4079 1376 4121 aerumnarum
1408 4061 1660 4135 pondere
1694 4065 1858 4139 quasi
1886 4061 2232 4139 depressum.
2276 4057 2592 4116 Dictiones

362 4155 420 4203 et
448 4146 816 4225 loquutiones
848 4148 964 4210 sibi
994 4146 1280 4222 proprias,
1308 4163 1343 4208 a
1368 4143 1670 4202 Davidicis
1699 4149 1979 4221 diversas,
2008 4148 2266 4204 carmina
2285 4140 2593 4200 Coraitica

287 4294 290 4299 ,
343 4244 625 4304 ,κει-νοτε,
664 4231 1080 4301 animadvertit
1116 4247 1342 4306 quoque
1373 4226 1443 4291 C.
1476 4229 1548 4287 G.
1576 4228 1874 4295 HnNsLEa
1905 4233 1968 4289 in
1997 4231 2108 4296 den
2134 4224 2595 4302 Bemerkungen

356 4312 456 4386 ᾄό.
484 4313 709 4383 Stellen
744 4317 853 4386 der
881 4313 1154 4384 Pssalmen
1187 4332 1252 4391 Ap.
1280 4314 1380 4371 68.
1417 4323 1541 4379 not.
1624 4315 1850 4383 Quibus
1893 4315 2252 4398 argumentis
2291 4320 2595 4390 permotus
