2807 4913
322 291 376 368 4
1130 256 1763 384 Prolegomena.
1840 300 1848 309 “

328 470 486 544 celita
527 500 681 555 esse,
753 466 1047 558 probabili
1100 478 1435 558 conjectura
1480 480 1684 561 colligi
1727 488 1953 558 potest,
2026 498 2187 538 nuno
2231 481 2555 558 perlustra·-

282 652 283 655 ,
332 604 543 661 bi'mus.

331 742 339 747 -
439 740 451 755 κ
505 714 575 794 1)
616 715 776 775 Mosa·
818 674 911 776 rs.
943 719 1049 778 9⁰.
1092 719 1305 777 tribuit
1349 713 1638 777 Hebraico
1671 680 2027 793 inscriptio,
2085 722 2147 772 et
2189 714 2264 774 ad
2311 680 2559 775 eundem*

335 840 521 914 ipsum
577 830 871 894 auctorem
921 818 1251 894 Talmudici
1307 830 1679 914 (quibuscum
1731 835 2106 891 consentiunt
2154 831 2441 913 Origenes
2484 842 2566 892 et

329 947 758 1033 Hieronymus)
805 930 1066 1010 referunt
1097 952 1325 1026 decem,
1363 971 1508 1031 quae
1550 960 1871 1027 sequuntur
1912 952 2207 1025 carmina,
2247 957 2558 1028 propterea

331 1067 488 1149 quod
521 1071 642 1127 illis
680 1070 834 1126 alius
874 1069 1128 1126 auctoris
1160 1087 1373 1139 nomen
1411 1086 1533 1126 non
1564 1074 1652 1124 est
1685 1067 2140 1144 praescriptum,
2200 1068 2352 1144 quod
2381 1085 2555 1145 quam

331 1187 491 1247 nihil
512 1188 745 1263 valeat,
786 1187 850 1243 in
877 1193 1145 1262 promptu
1182 1197 1273 1246 est
1303 1154 1637 1246 examinare
1679 1185 1884 1260 cuique
1925 1201 1993 1239 ac
2026 1200 2120 1241 res
2155 1185 2282 1260 ipsa
2313 1184 2555 1243 demon-

333 1312 502 1363 strat.
584 1299 684 1360 Ps.
721 1292 823 1360 90.
851 1320 992 1361 vero
1029 1303 1185 1379 quod
1214 1306 1461 1375 attinet,
1511 1296 1587 1358 'ut
1628 1298 1780 1358 nihil
1817 1298 2021 1372 habet,
2078 1302 2234 1376 quod
2272 1301 2435 1360 Mose
2474 1304 2554 1360 sit

334 1421 678 1501 indignum,
719 1428 824 1477 aut
860 1408 951 1476 illi
989 1436 1112 1477 non
1146 1428 1487 1502 congruat,
1544 1421 1629 1477 ita
1659 1434 1861 1475 rursus
1896 1415 2045 1473 nihil
2079 1419 2135 1507 ei
2170 1420 2354 1492 inest,
2400 1421 2557 1497 ‘quod

264 1538 288 1557 f‘
332 1534 608 1597 Mosaicis
651 1537 824 1596 rebus
865 1545 926 1594 et
970 1539 1324 1618 temporibus
1366 1540 1451 1596 ita
1499 1539 1580 1595 sit
1621 1532 1955 1613 proprium,
2021 1543 2092 1592 ut
2143 1553 2267 1593 non
2318 1537 2391 1595 ab
2433 1538 2555 1595 alio

335 1655 543 1733 quovis
575 1663 849 1728 auctore,
906 1663 1011 1712 aut
1048 1657 1255 1730 quovis
1293 1656 1410 1713 alio
1451 1664 1707 1730 tempore
1739 1653 2151 1710 concinnatum
2181 1671 2306 1710 esse
2349 1654 2556 1730 possit.

335 1769 686 1850 'Antiquiora
718 1772 906 1850 igitur
940 1769 1051 1829 hoc
1078 1770 1349 1853 volumen
1386 1770 1647 1826 carmina
1680 1766 2003 1828 continebit
2027 1768 2208 1825 nulla.

505 1888 577 1965 2)
633 1886 960 1947 Davidict'e
1000 1887 1387 1964 temporibus,
1458 1884 1667 1962 quibus
1709 1889 1887 1966 longe
1928 1887 2202 1962 pleraque
2240 1893 2416 1942 erunt
2459 1902 2557 1942 as·-

331 2005 640 2086 signanda.
718 2003 965 2063 ‘Horum
1019 2022 1160 2063 vero
1216 2003 1486 2080 plurimis
1549 1996 1625 2080 a)
1672 1999 1932 2060 Davidis
1989 1980 2407 2080 praescriptum
2465 2010 2556 2059 est

252 2126 273 2150 ·’
332 2140 563 2203 nomen·
593 2123 657 2179 in
703 2119 872 2179 libris
922 2119 1115 2178 hebrr.
1162 2117 1464 2178 hodiernis
1482 2113 1538 2192 ,⁹
1578 2120 1655 2177 71
1706 2116 2012 2189 videlicet,
2077 2118 2180 2177 sed
2222 2119 2289 2176 in
2331 2117 2556 2176 Graeca

333 2238 737 2301 Alexandrina
782 2240 1267 2315 interpretatione
1319 2240 1346 2294 l
1363 2240 1391 2294 l
1446 2236 1580 2293 aliis
1627 2235 1822 2291 etiam.
1903 2233 1975 2292 In
2019 2233 2110 2292 his
2148 2244 2347 2293 tamen
2386 2254 2556 2312 repe-

329 2357 572 2434 riuntur
610 2374 731 2414 non
770 2374 989 2433 pauca,
1023 2329 1192 2431 ¹quae
1232 2371 1270 2409 a
1298 2351 1529 2411 Davide
1562 2352 1808 2409 minime·
1831 2361 2089 2426 possunt,
2113 2370 2239 2410 esse
2270 2351 2555 2425 confecta,

329 2486 401 2536 ut
435 2477 631 2534 omnia
669 2493 759 2547 ea,
797 2474 861 2530 in
895 2472 1107 2549 quibus
1146 2469 1341 2529 exsilii
1369 2464 1739 2546 Babylonici,
1782 2469 2031 2527 desolati
2064 2472 2286 2546 templi,
2328 2469 2554 2526 reditus

330 2612 407 2682 εξ
452 2592 628 2650 terris
675 2590 892 2648 exteris
910 2626 932 2662 ‚
983 2589 1345 2665 aliarumque
1389 2604 1619 2659 rerum,
1688 2604 1835 2663 quae
1881 2588 1956 2674 ad
1999 2586 2246 2647 Davidis
2291 2593 2555 2664 tempora
2585 2569 2588 2576 ’

328 2709 540 2770 referri
579 2690 904 2783 nequeunt,
940 2708 1159 2764 mentio
1194 2690 1504 2764 manifesto
1540 2712 1632 2759 est
1656 2701 1838 2762 facta.
1921 2703 2147 2764 Rursus
2176 2723 2389 2786 magna
2419 2722 2553 2762 car-

329 2829 554 2887 minum
597 2840 763 2902 pars,
832 2822 1039 2900 quibus
1094 2841 1201 2888 nec
1254 2819 1537 2893 Davidis,
1612 2840 1721 2882 nec
1777 2825 1955 2883 ullius
2000 2825 2238 2881 omnino
2293 2801 2553 2881 auctoris

319 2913 676 3020 ‘inscriptum
722 2950 812 2999 est
863 2959 1109 3016 nomen,
1182 2941 1268 2998 ita
1325 2947 1415 2996 est
1472 2950 1824 3017 comparata,
1897 2950 1966 2998 ut
2018 2957 2054 2997 a
2109 2941 2337 2999 nemine
2377 2937 2552 2998 facile

329 3059 587 3119 dubitari
632 3060 852 3135 possit,
910 3060 1056 3137 quin
1096 3077 1132 3116 a
1179 3055 1408 3115 Davide
1450 3059 1573 3116 sint
1618 3058 1899 3118 confecta.
1981 3057 2121 3117 Non
2162 3056 2351 3116 solum
2392 3055 2553 3113 enim

328 3178 518 3254 stylus
562 3178 894 3253 conspirat,
948 3173 1050 3233 sed
1097 3191 1243 3252 quae
1286 3175 1351 3231 in
1398 3176 1526 3252 ipso
1573 3177 1829 3234 carmine
1874 3176 2165 3234 interdum
2213 3180 2550 3246 occurrunt,

246 3347 251 3360 ,
329 3293 419 3352 ita
453 3310 515 3349 se
557 3290 772 3350 habent
790 3332 810 3366 ,
860 3302 930 3351 ut
965 3292 1040 3350 ad
1072 3293 1190 3350 alia
1223 3301 1484 3368 tempora
1519 3257 1761 3371 prorsus
1798 3290 2001 3349 referri
2044 3300 2380 3369 nequeant„
2432 3290 2551 3350 Sed

329 3414 570 3487 prorsus
627 3403 950 3482 rejicienda
1009 3416 1100 3465 est
1152 3411 1444 3467 sententia
1502 3391 1737 3482 eorum,
1809 3409 1912 3486 qui
1961 3404 2180 3467 Davidi
2242 3407 2552 3496 tribuentia

228 3605 247 3612 „
332 3531 573 3583 censent
603 3525 801 3582 omnia
838 3543 907 3582 ea
947 3526 1243 3597 carmina,
1285 3526 1493 3601 quibus
1528 3536 1733 3602 poetae
1763 3546 1973 3586 nomen
2008 3529 2428 3605 praescriptum
2460 3531 2551 3585 e'st

330 3642 575 3699 nullum.
670 3641 1031 3721 Argumenta
1074 3650 1323 3699 utuntur
1364 3644 1734 3718 potissirnum
1776 3640 1917 3716 hoc,
1988 3644 2145 3720 quod
2186 3653 2309 3701 tam
2356 3645 2386 3700 l
2408 3631 2544 3702 Chr.

334 3756 438 3833 16,
468 3760 527 3818 7.
555 3776 681 3836 sqq.
722 3755 942 3818 Psalmi
979 3751 1342 3836 ἇδεσποτοὶ,
1399 3731 1502 3821 96.
1534 3768 1593 3817 et
1634 3758 1808 3832 105„
1862 3776 2034 3836 quam
2071 3758 2135 3815 in
2168 3758 2245 3817 N.
2279 3758 2353 3817 T.
2381 3759 2550 3817 Psal-

327 3887 471 3938 mu==
490 3877 554 3934 2.
596 3873 754 3957 (Act.
783 3877 848 3949 4,
865 3841 1013 3957 ᾖε.)
1047 3885 1108 3934 et
1137 3874 1240 3935 95.
1285 3874 1493 3957 (ΗΘΜ.
1526 3878 1590 3951 4,
1623 3869 1749 3955 ⁷.)‚
1790 3875 1994 3934 itidem
2026 3875 2208 3934 nullis
2243 3885 2546 3933 auctorum

324 3991 660 4052 nominibus
693 3994 1003 4075 insigniti,
1042 3991 1260 4053 Davidi
1293 3996 1523 4052 auctori
1562 3997 1954 4075 assignantur.
2040 3989 2255 4051 Verum
2282 3993 2437 4070 quod
2469 4012 2546 4053 ex

328 4106 752 4170 Chronicorum
789 4110 942 4169 libro
988 4112 1207 4187 petitur
1243 4112 1639 4174 testimonium
1654 4152 1673 4185 ,
1734 4112 1820 4168 ita
1862 4119 2256 4189 comparatum
2297 4101 2416 4185 est,
2476 4121 2546 4169 ut

289 4211 295 4226 ¹
325 4223 424 4283 bic
456 4227 520 4284 in
551 4245 782 4285 censum
814 4228 1012 4286 venire
1040 4247 1280 4305 prorsus
1315 4238 1581 4306 nequeat.
1665 4227 1803 4288 Non
1836 4229 2067 4307 integra
2095 4229 2251 4285 enim
2285 4230 2547 4288 carmina

221 4417 231 4424 ἕ
324 4345 546 4405 excitat
589 4354 794 4405 auctor
836 4348 962 4409 τῶν
1007 4345 1297 4424 Paralip.,
1345 4346 1606 4422 quisquis
1652 4347 1751 4404 ille
1796 4345 2008 4420 fuerit,
2063 4346 2169 4406 sed
2210 4346 2546 4424 imperfecta
