2807 4913
773 297 902 363 Ρ...
949 292 1060 379 14,
1113 291 1286 383 ⁶·7·
1355 297 1477 364 Ρ..
1519 294 1628 379 15,
1686 319 1737 361 ι.
1777 312 1836 363 2.
2308 267 2407 365 93

204 478 359 539 Jova
397 479 754 558 perfugium
795 478 961 554 ejas,
1017 478 1171 556 qnod
1203 477 1408 538 Jovam
1441 478 1556 537 sibi
1592 493 1976 555 protectorem
2008 482 2208 563 elegit.
2288 482 2412 543 Alii

209 578 276 625 Ὁ
305 574 579 623 vertunt:
625 566 749 635 sed,
784 576 853 625 ut
878 565 1167 640 profano
1148 567 1460 640 impiorum
1487 566 1635 624 risui
1662 571 1978 648 gratianum
2005 571 2256 645 piorum,
2289 586 2407 648 quo
2493 568 2501 577 ’

205 669 426 727 semper
476 650 636 790 ltlpud
681 650 957 709 Jehovam
1009 650 1318 724 fruuntur,
1373 651 1723 726 praesidium
1778 657 2104 729 oppositum
2156 656 2252 711 sit.
2336 653 2407 711 ln

1452 747 1477 778 q
1638 750 1724 776 -q

203 733 465 892 ἷῇοῗῗὲ,
503 721 2410 900 :⁰230ss252¹‘2Jb.3.fi“⁷³n¹1³‚{iirum²g?‚3]]¹²³.'1?ss‘mfflffiss

206 905 370 960 turba
404 914 580 960 antea
618 922 890 980 oppressa
924 913 985 961 et
1012 914 1225 962 vexata
1266 902 1393 981 (Vs.
1428 904 1485 959 5.
1490 899 1551 980 ),
1592 924 1728 962 nam
1768 904 1936 965 Deus
1975 924 2077 964 eos
2116 906 2408 986 reproba·
2467 973 2512 994 Ἰ

202 989 309 1045 vit.
365 1018 455 1029 —
515 990 573 1045 7.
632 985 839 1078 buain}
876 1018 960 1032 -
1002 1000 1076 1069 373
1121 986 1273 1057 Quis
1314 986 1516 1060 dabit,
1575 992 1802 1049 utinam
1838 992 2049 1069 aliquis
2087 1000 2407 1067 praestaret

203 1070 421 1151 (solent
454 1076 609 1130 enim
651 1055 900 1130 Hebraei
939 1076 1024 1132 ita
1060 1073 1400 1148 optativum
1445 1075 1799 1149 exprimere,
1857 1075 1929 1133 cf.
1962 1084 2086 1134 not.
2119 1075 2192 1133 ad
2222 1074 2400 1135 Deut.

205 1158 261 1225 5,
290 1157 398 1214 26.
402 1154 466 1232 ),
530 1177 561 1214 e
599 1154 810 1229 Sione,
855 1160 957 1216 ubi
999 1160 1177 1217 Jovae
1218 1157 1381 1214 sedes
1422 1168 1580 1231 erat,
1641 1159 1892 1218 salutem
1934 1157 2225 1232 Israelis,
2279 1163 2320 1218 i.
2353 1178 2404 1220 e.

196 1244 421 1298 utinam
454 1242 604 1300 Jova
634 1245 846 1318 populo
878 1244 979 1302 lsr.
1017 1262 1178 1319 opem
1212 1253 1270 1299 et
1305 1243 1591 1304 auxilium
1622 1252 1965 1320 praestaret.
2045 1244 2165 1302 Pro
2199 1246 2401 1340 ηξπιύῖ

196 1325 419 1401 legitur
447 1330 516 1383 in
543 1325 638 1383 Ps.
656 1326 754 1383 53.
788 1330 850 1384 in
877 1327 1484 1409 Ρίιιτ.η“13’τζ53,εοιιειι
1518 1327 1713 1384 eodem
1744 1338 2025 1385 manente.
2099 1315 2203 1390 ‘¹127
2238 1311 2405 1403 navia

188 1403 272 1466 In
309 1409 683 1484 reducendo,
743 1413 973 1487 quando
1014 1399 1316 1470 reduxerit
1359 1412 1512 1469 Jova
1563 1414 1986 1490 captivitatem
2016 1408 2240 1492 populi
2285 1406 2403 1487 συί,

193 1496 230 1549 i.
258 1514 307 1551 e.
341 1496 621 1570 populum
652 1513 820 1553 suum
849 1499 1171 1573 captivum,
1210 1498 1504 1554 abstracto
1531 1498 1723 1574 posito
1759 1516 1867 1575 pro
1898 1507 2191 1570 concreto,
2234 1498 2403 1557 exul·-

194 1578 352 1635 tabit
395 1577 610 1655 Jacob,
654 1579 982 1639 laetabitur
1027 1575 1249 1640 Israel.

1157 1769 1270 1830 Ps.
1335 1771 1431 1830 15.

363 1884 662 1960 Docetur,
718 1889 821 1964 qui
862 1889 983 1946 sint
1028 1888 1155 1946 veri
1194 1886 1372 1947 Jovae
1421 1890 1707 1958 cultores,
1771 1895 1829 1944 et
1870 1888 1991 1961 ejus
2031 1885 2290 1946 favorem
2331 1908 2401 1947 ac

191 1971 432 2028 tutelam
463 1972 578 2028 sibi
615 1976 952 2047 promittere
987 1975 1232 2049 possint.
1314 1971 1564 2047 lnterpp.
1605 1971 1724 2029 fere
1765 1977 2064 2045 statuunt,
2099 1973 2400 2032 Psalmum

188 2055 406 2112 factum
435 2074 584 2129 esse,
616 2075 746 2113 eum
776 2076 967 2118 arcam
997 2061 1059 2114 in
1085 2058 1514 2115 tabernaculum
1544 2053 1815 2113 Sinnium
1845 2058 2173 2115 introduxit
2202 2056 2401 2117 David

188 2142 256 2214 (2
271 2139 436 2199 Sam.
468 2144 529 2213 6,
564 2142 660 2197 12.
708 2142 737 2197 l
760 2140 893 2199 Chr.
925 2144 1026 2214 16,
1060 2138 1178 2215 1.),
1222 2149 1280 2198 et
1312 2151 1379 2196 ut
1409 2149 1568 2213 ante,
1599 2158 1865 2219 regnum,
1902 2142 1965 2197 in
1991 2159 2125 2198 arce
2153 2143 2269 2215 ibi,
2310 2146 2400 2201 ita

185 2235 308 2282 tum
340 2223 753 2298 sacerdotium,
795 2222 872 2283 ad
902 2226 1146 2300 Mariam
1181 2226 1510 2297 constituit,
1548 2235 1615 2282 ut
1647 2224 1755 2280 hac
1790 2225 2093 2302 occasione
2121 2228 2399 2300 populum

185 2308 294 2367 hoc
325 2308 425 2367 Ps.
468 2309 544 2366 ad
583 2329 784 2368 verum
821 2310 994 2384 Jovae
1030 2310 1247 2367 cultum
1281 2326 1561 2385 veraeque
1594 2310 1826 2386 pietatis
1869 2327 1937 2365 ac
1969 2310 2239 2381 justitiae
2266 2315 2398 2368 stu..

186 2396 341 2452 dium
387 2393 695 2452 adhortari
736 2396 989 2453 voluisse
1030 2392 1312 2453 videatur.
1395 2393 1550 2452 Sunt
1592 2413 1853 2471 quoque,
1916 2394 2017 2470 qui
2060 2395 2395 2471 proceribus

183 2480 473 2556 imprimis
507 2491 566 2537 et
594 2479 1049 2560 magistratibuS,
1077 2480 1168 2535 vel
1199 2482 1371 2537 etiam
1397 2480 1793 2539 sacerdotibus
1821 2490 1992 2555 atque
2022 2481 2213 2536 cultus
2243 2482 2398 2537 sacri

183 2567 476 2622 ministris
513 2568 672 2622 vitae
704 2583 1039 2639 morumque
1067 2566 1357 2641 exemplar
1391 2564 1567 2624 hocce
1597 2566 1852 2622 carmine
1884 2566 2244 2640 propositum
2272 2582 2397 2623 esse

180 2659 402 2725 putent.
494 2649 610 2708 Sed
642 2660 729 2706 est
761 2651 912 2723 ejus,
961 2667 1138 2725 aeque
1176 2668 1244 2706 ac
1271 2648 1490 2707 Psalmi
1524 2651 1731 2726 primi,
1775 2657 2181 2727 argumentum
2220 2668 2399 2727 gene-

148 2738 298 2792 ·rale
340 2752 625 2810 prorsus,
693 2752 801 2790 nec
849 2733 990 2790 facit
1034 2732 1107 2790 ad
1152 2736 1280 2810 ejus
1334 2735 1820 2815 intelligentiam,
1893 2735 1947 2789 si
2005 2744 2167 2792 certo
2217 2734 2397 2793 alicui

179 2818 487 2877 hominum
530 2818 724 2875 ordini
767 2820 1136 2895 applicamus

355 2936 410 2991 1.
441 2936 503 2993 2.
591 2928 814 3027 ’ῥ’-183
854 2945 990 3022 ’ΜΞ
1031 2944 1103 3016 373
1149 2932 1295 3003 Quis
1335 2935 1875 3010 commorabitur,
1856 2962 1899 3000 1.
1930 2957 1979 2995 e.
2020 2938 2149 3013 quis
2181 2936 2394 3014 dignus

177 3032 283 3091 est,
322 3030 397 3076 ut
425 3015 859 3091 commoretur,
877 3019 941 3074 in
964 3001 1351 3077 tabernaculo
1396 3029 1521 3095 tuo,
1562 3025 1624 3079 in
1657 3026 1785 3080 loco
1815 3033 2038 3094 sancto,
2085 3021 2185 3078 ubi
2214 3019 2394 3078 Jovae

178 3107 411 3177 cultus,
452 3102 702 3161 Davidis
730 3112 1016 3180 tempore,
1064 3100 1496 3176 celebrabatur,
1551 3110 1612 3164 in
1645 3110 1898 3165 tentorio
1927 3105 2223 3178 Mosaico,
2270 3107 2393 3164 sive

178 3192 250 3248 ad
279 3208 483 3246 arcam
517 3187 801 3262 foederis,
846 3191 940 3245 cui
972 3187 1227 3247 Davides
1260 3192 1573 3248 tentorium
1606 3193 1959 3262 tetenderat,
2002 3192 2213 3265 templo
2242 3208 2393 3247 non·-

179 3274 313 3331 dam
357 3281 669 3330 exstructo
711 3270 850 3349 (vid.
902 3272 1088 3330 lChr.
1125 3275 1226 3344 15,
1269 3272 1367 3348 l..)
1456 3277 1640 3366 ἾΨἿΡ
1696 3285 1832 3337 ἿἾΞ
1886 3275 2103 3366 3‘22252·
2119 3284 2189 3334 73
2237 3273 2391 3344 Quin

175 3356 486 3416 habitabit
526 3358 597 3413 in
632 3368 826 3414 monte
863 3359 1222 3416 sanctitatis
1269 3367 1430 3429 tuae,
1471 3363 1534 3416 in
1568 3371 1762 3419 moute
1794 3372 1896 3418 tuo
1929 3368 2148 3417 sancto.
2213 3360 2393 3418 Intel-

172 3446 389 3523 ligitur
418 3445 511 3499 vel
548 3460 713 3499 mons
740 3440 916 3514 Sion,
956 3462 1122 3500 arcae
1151 3458 1369 3514 sacrae,
1401 3442 1647 3502 Davidia
1680 3454 1969 3522 tempore,
2015 3441 2388 3513 domicilium,

170 3531 265 3587 vel
300 3525 515 3585 Maria
553 3544 755 3599 mons,
808 3531 1018 3604 templo
1058 3529 1409 3585 exstruendo
1449 3529 1790 3588 destinatus.
1834 3562 1914 3573 —
1972 3529 2390 3595 anducitur

169 3615 317 3672 Jova
364 3610 753 3686 respondens,
796 3622 855 3669 et
886 3612 1218 3684 declarans,
1261 3630 1428 3688 quem
1460 3632 1652 3670 secum
1693 3613 1953 3672 habitare
1988 3615 2173 3671 sinat:
2223 3607 2389 3698 ηέἢἿ

172 3706 354 3784 nvqn
379 3695 700 3753 Ambulnm
726 3699 978 3773 παίσειεν,
1006 3700 1162 3755 vitae
1189 3699 1533 3775 scelerisque
1562 3716 1756 3775 purus.
1828 3704 1993 3759 hvon
2035 3717 2204 3755 omne
2235 3695 2388 3771 quod

164 3765 521 3881 perfectum
569 3790 697 3854 est,
757 3786 1028 3839 convenit
1074 3801 1201 3838 cum
1250 3785 1352 3839 lat.
1400 3784 1657 3859 integer.
1758 3785 1828 3842 Si
1871 3792 2035 3845 num
2087 3780 2388 3854 adyective

171 3867 528 3941 accipiatur,
584 3866 833 3941 positum
887 3878 973 3924 est
1017 3886 1122 3942 pro
1166 3877 1338 3954 uvam
1380 3879 1549 3959 ῆἾ-ξξ
1602 3866 1730 3945 (Ps.
1764 3872 1905 3940 101,
1935 3863 2068 3945 6.);
2140 3868 2192 3922 si
2244 3880 2387 3920 vero

172 3952 564 4023 substantive,
607 3967 709 4025 pro
739 3957 976 4042 ΒἾ7333,
1022 3963 1091 4008 ut
1121 3950 1210 4007 Ps.
1245 3934 1348 4022 84,
1387 3941 1478 4007 12.
1521 3935 1653 4011 coll.
1691 3953 1809 4011 Jos.
1844 3956 1947 4026 34,
1981 3954 2079 4017 14.
2123 3950 2251 4008 Jud.
2285 3948 2387 4018 19,

173 4038 391 4093 16.19.
457 4035 837 4105 Notissimum
870 4021 1028 4108 vero,
1060 4035 1260 4112 Praep.
1289 4049 1329 4094 :l
1357 4054 1544 4111 saepe
1556 4040 1771 4110 omitti,
1789 4036 2067 4112 adeoque
2085 3985 2387 4093 substant}

164 4121 320 4176 nude
349 4120 630 4195 positum,
669 4120 1117 4177 adverbiascere.
1202 4134 1332 4210 ,τ’τδζ
1373 4117 1517 4198 ⁹:32³
1551 4122 1636 4178 Et
1659 4123 1909 4195 faciens
1943 4117 2384 4212 rectitudinem,

165 4207 268 4280 qui
297 4205 517 4274 omnia,
553 4222 697 4280 quae
727 4207 872 4283 agit,
900 4216 1055 4262 recte
1084 4200 1336 4281 beneque
1367 4208 1509 4284 agit.
1570 4203 1760 4294 ’13353
1793 4216 1938 4284 Γι73ζξ
1965 4205 2131 4293 Ἶ3”ϊι
2168 4201 2250 4257 Et
2281 4201 2384 4276 qui

159 4289 434 4366 loquitur
472 4291 798 4345 veritatem
831 4290 896 4371 in
916 4289 1108 4349 corde
1135 4306 1265 4363 suo,
1313 4292 1354 4349 i.
1382 4311 1433 4346 e.
1465 4275 1679 4363 verba,
1702 4307 1868 4385 quae
1869 4267 2221 4346 conveniant
2254 4302 2381 4340 cum

159 4376 345 4431 animi
368 4375 467 4430 sui
494 4376 808 4446 sententia,
847 4377 949 4450 qui
976 4393 1096 4433 non
1121 4376 1380 4453 loquitur
1413 4385 1480 4432 ut
1509 4378 1801 4456 bilingues
1831 4366 1934 4432 isti
1960 4373 2057 4430 Ps.
2083 4369 2182 4443 12,
2208 4370 2265 4425 3.
