2807 4913
434 281 591 355 600
1370 300 1498 366 Ps.
1573 285 1735 365 118.
1823 351 1830 358 .

364 529 369 540 ,
436 453 735 550 freq-eati
771 459 1193 555 grie-naam
1226 479 1610 543 ‚aemam
1646 485 1958 545 mium
1984 485 2452 552 Tabernae-lun
2481 491 2658 565 anst,

438 567 510 614 nt
530 555 710 616 lone
732 561 956 639 gratias
980 574 1204 640 ageret.
1255 563 1535 643 Temperi
1556 563 1857 645 aliquanto
1881 575 2090 630 seriori
2117 593 2352 633 cst-en
2381 579 2657 654 assignat

439 638 863 700 Romaanus.
943 646 1375 720 „Philistum
1422 663 1493 708 ut
1522 652 1697 710 hahet
1729 674 1899 714 saera
1923 655 2206 730 historia,
2252 663 2434 734 primi
2462 660 2655 732 fuere,
2777 681 2778 684 ¹

441 743 521 783 ex
550 723 868 804 Cananaeis
897 731 1187 808 gentibus,
1229 737 1335 809 qui
1365 746 1573 793 contra
1599 735 1904 812 Davidem,
1944 753 2246 817 postquam
2271 762 2384 799 rex
2411 745 2655 800 Israeli-

441 810 594 866 tiens
621 821 849 869 creatus
875 812 1028 886 fuit,
1058 821 1396 878 exereitum
1423 822 1782 894 eduxerunt,
1833 843 2010 901 quum
2041 828 2195 883 inter
2221 825 2331 884 hos
2364 830 2431 883 in
2461 828 2653 885 exilis

442 891 686 956 Saulico
726 912 834 952 suo
874 900 1196 972 exulasset,
1246 906 1448 977 paucis
1478 909 1649 963 annis
1680 919 1882 980 ante„
1904 908 2056 984 apud
2081 930 2280 991 regem
2306 911 2654 983 Gathieum,

443 977 547 1053 qui
575 989 636 1034 et
663 978 887 1041 Gathae
917 990 979 1040 et
1007 982 1312 1065 Siclsgae‚
1368 988 1489 1060 ipsi
1517 1000 1575 1046 et
1603 990 1833 1049 cohorti
1857 995 1979 1066 ejus
2008 992 2196 1051 sedem
2221 996 2537 1070 praebuit,
2596 1007 2654 1051 et

439 1079 574 1118 cum
601 1060 728 1136 his,
764 1074 969 1124 contra
1001 1066 1233 1127 Saulem
1263 1083 1538 1130 evocatus
1568 1092 1605 1131 a
1633 1094 1771 1153 rege
1799 1076 2083 1150 Gatbico,
2120 1081 2186 1136 in
2215 1080 2654 1155 expeditionem

440 1162 580 1204 suos
619 1148 685 1204 in
729 1159 924 1206 castra
961 1149 1319 1210 Philisthaea
1356 1156 1596 1230 eduxit,
1659 1172 1726 1216 ut
1756 1180 1885 1218 cum
1917 1164 2060 1235 ipsis
2095 1175 2299 1219 contra
2330 1164 2651 1240 populares

440 1246 602 1301 suos,
628 1243 943 1309 contraque
967 1239 1217 1310 patriam
1242 1252 1303 1297 et
1325 1259 1523 1319 regem
1551 1241 1742 1317 hujus,
1765 1244 2018 1316 Saulem,
2042 1245 2344 1306 militaret.
2385 1248 2669 1304 Accessit·

441 1312 518 1370 ad
554 1312 731 1389 haec,
759 1307 968 1394 qnod,
1025 1320 1153 1378 eum
1190 1323 1255 1379 in
1287 1325 1422 1382 aula
1453 1326 1686 1400 Saulis,
1740 1331 1984 1385 militiae
2015 1339 2290 1387 externae
2320 1330 2653 1406 praefectus

436 1394 635 1455 David
665 1409 841 1472 esset,
877 1402 1194 1477 plurimum
1225 1406 1314 1464 his
1343 1409 1539 1466 damni
1569 1412 1841 1486 inferret,
1881 1405 2065 1489 neque
2095 1433 2223 1476 cum
2254 1416 2398 1471 ullis
2431 1417 2569 1490 plus
2595 1416 2654 1470 ei

438 1490 593 1545 esset
623 1487 869 1564 negotii.
952 1486 1156 1569 ltaque
1188 1495 1246 1547 et
1276 1502 1524 1551 veterem
1556 1493 1778 1552 hostem
1808 1508 1867 1553 et
1898 1497 2178 1569 hospitem
2207 1517 2402 1569 suum,
2448 1518 2654 1577 regem

431 1566 551 1639 jam
580 1565 827 1642 factum,
867 1580 1152 1655 attentare
1178 1579 1520 1648 voluerunt,
1559 1582 1910 1654 pertinacius
1939 1600 2111 1661 quam
2136 1583 2293 1638 ullae
2326 1589 2542 1661 gentes
2577 1601 2653 1640 ex

422 1651 650 1707 'vicinis
677 1665 916 1712 ceterae.
978 1655 1106 1714 Rex
1132 1660 1319 1738 igitur
1342 1662 1464 1733 jam
1496 1662 1850 1721 Israeliticus
1874 1663 2088 1737 David,
2125 1669 2338 1738 sexies,
2373 1679 2449 1723 nt
2475 1677 2650 1742 puto,

434 1752 568 1792 enm
596 1732 969 1796 philisthaeis
994 1759 1256 1821 pugnare
1282 1762 1513 1803 necesse
1542 1745 1776 1820 habuit,
1817 1750 1907 1805 bis
1937 1760 2073 1806 ante
2099 1759 2471 1808 exstructum
2498 1752 2653 1808 Zio-

434 1820 595 1876 ninm
636 1816 711 1897 (2
727 1821 886 1896 Sam.
922 1820 1011 1898 5.)
1052 1837 1111 1882 et
1150 1828 1355 1903 quater
1388 1840 1522 1903 post
1562 1833 1951 1890 introductam
1991 1849 2218 1907 arcam3
2274 1836 2348 1891 de
2383 1846 2651 1911 quatuor

431 1904 663 1978 quidem
688 1909 924 1979 praeliis
961 1908 1175 1966 diserte
1210 1912 1489 1970 scribitur
1524 1915 1733 1973 2Sam.
1765 1918 1865 1973 21.
1951 1917 2141 1974 Primo
2177 1927 2375 1976 autem
2418 1920 2653 1994 praelio

432 2004 507 2043 ex
534 1985 626 2046 his
649 2000 901 2065 quatuor
930 1994 994 2049 in
1020 1996 1339 2069 periculum
1364 1998 1572 2070 incidit
1585 1998 2078 2059 Jesbibenobicum
2103 1998 2175 2079 (2
2189 2003 2346 2061 Sam.
2364 2005 2478 2075 21,
2503 2000 2654 2080 m),

433 2087 472 2126 a
505 2090 622 2148 qno
662 2064 1001 2134 interfectus
1039 2077 1283 2154 fuisset,
1343 2083 1464 2138 nisi
1503 2088 1884 2143 succurrisset
1922 2085 2203 2143 Abisaias.
2284 2086 2436 2143 Post
2481 2088 2653 2146 illam

428 2154 618 2233 igitur
645 2159 976 2233 victoriam,
1017 2165 1115 2219 vel
1140 2177 1441 2241 sequentes
1469 2170 1644 2225 etiam
1676 2171 1898 2246 aliquot
1927 2168 2020 2228 vel
2052 2171 2354 2227 universas
2389 2188 2656 2245 quoque,
2777 2165 2778 2232 ζ

430 2250 492 2295 et
520 2241 853 2301 introducta
882 2247 1002 2319 jam
1037 2245 1144 2304 hoc
1176 2261 1233 2305 et
1266 2252 1609 2326 epinicium‚
1664 2266 1722 2311 et
1749 2255 2171 2332 gratulatoriae
2201 2257 2654 2312 acclamationis
2777 2281 2778 2296 2

428 2341 662 2382 carmen
702 2325 924 2385 Psalmi
975 2329 1146 2405 hujus
1188 2333 1405 2408 factum
1443 2336 1677 2395 videtur
1716 2338 2010 2414 populo.“
2094 2337 2208 2395 Sed
2250 2358 2390 2395 vere
2445 2349 2656 2395 monet

356 2476 362 2481 ,
427 2405 701 2479 Vtamur
732 2408 1159 2491 (Commentar.
1187 2418 1252 2475 in
1282 2416 1413 2478 Pss.
1444 2419 1582 2478 Vol.
1610 2420 1705 2479 Vl.
1743 2442 1799 2499 p.
1835 2417 2035 2499 130),
2080 2424 2245 2497 plura
2275 2425 2477 2489 inesse
2508 2420 2655 2479 huic

426 2488 693 2569 Psalmo,
748 2514 894 2572 quae
915 2498 1134 2558 Davidi
1162 2513 1267 2560 aut
1300 2505 1424 2578 ejus
1458 2508 1815 2582 temporibus
1845 2509 2079 2564 omnino
2113 2525 2230 2563 non
2259 2509 2653 2564 conveniant.

426 2571 840 2657 Praeterquam
892 2585 1049 2645 enlm
1088 2588 1244 2674 quod
1283 2607 1496 2653 nomen
1536 2587 1836 2662 Dacicus,
1897 2600 2170 2666 tanquam
2211 2594 2523 2667 auctoris,
2586 2591 2656 2647 in

424 2657 619 2719 fronte
661 2683 780 2722 non
821 2678 1020 2746 gerat,
1080 2687 1187 2728 nec
1225 2673 1410 2738 ullum
1446 2674 1731 2757 praeferat
1759 2677 2117 2752 distinguens
2148 2667 2657 2753 Davidisxxpstvj-

425 2765 581 2819 ριον,
624 2749 805 2822 illud,
848 2753 1000 2827 quod
1031 2757 1277 2837 populus
1308 2748 1604 2815 Hebraeus
1643 2761 1706 2816 in
1735 2756 2058 2829 Israelem,
2094 2757 2317 2817 domum
2343 2759 2657 2833 Aarom's,

426 2839 487 2886 et
530 2830 799 2890 timentes
836 2829 1065 2903 Ionam?
1090 2839 1399 2898 distinctus
1444 2842 1540 2899 Vs.
1575 2845 1635 2898 2.
1664 2844 1726 2903 3.
1756 2847 1816 2901 4.
1861 2852 2129 2918 apparet,
2190 2862 2226 2900 a
2272 2844 2654 2918 temporibus

423 2909 691 2987 Davidis,
729 2926 788 2973 et
820 2921 1089 2994 aliorum,
1121 2926 1222 2999 qui
1252 2928 1436 3000 ipsum
1467 2931 1697 3002 sequuti
1728 2940 1885 3001 sunt,
1912 2946 2134 3006 regum,
2175 2929 2343 3001 plane
2377 2927 2657 2986 alienum

425 3006 533 3053 est.
614 2996 812 3076 Neque
836 3000 1053 3061 Davidi
1084 3011 1387 3088 congruit,
1448 3011 1601 3087 quod
1632 3009 1730 3071 Vs.
1747 3014 1857 3069 ⁸10.
1896 3029 2085 3067 omnes
2125 3022 2323 3088 gentes
2355 3012 2658 3086 populum

427 3089 488 3136 et
520 3080 718 3140 ducem
750 3086 873 3158 ejus
908 3087 1189 3147 invasisse
1221 3102 1280 3150 et
1312 3096 1566 3151 cinxisse
1595 3096 1881 3153 dicuntur.
1964 3093 2158 3152 David
2195 3095 2372 3150 initio
2415 3098 2657 3177 a⁴solis

422 3160 799 3224 Philisthaeis
837 3169 951 3228 fuit
987 3174 1236 3251 petitus3
1295 3179 1419 3254 ipse
1451 3188 1653 3253 postca
1687 3182 1910 3244 vicinas
1949 3186 2150 3258 gentes
2184 3178 2353 3235 '‘⁶¹¹5“
2390 3177 2657 3236 ³⁶0¹*OE

419 3254 539 3304 est.
594 3246 791 3326 Neque
829 3273 930 3329 per
963 3274 1031 3314 ea
1066 3258 1215 3317 bella
1242 3260 1494 3318 Davides
1526 3264 1602 3319 ad
1631 3274 1823 3320 tantas
1856 3263 2154 3340 angustias
2186 3260 2306 3317 fuit
2332 3261 2654 3336 redactus,

426 3331 623 3406 quales
655 3332 751 3392 hic
782 3335 1049 3398 Psalmus
1076 3342 1369 3403 describit.
1433 3344 1696 3422 Denique
1720 3347 1874 3404 haud
1899 3346 2069 3404 facile
2092 3344 2483 3423 intelligitur,
2525 3367 2655 3423 quo

423 3431 598 3474 sensu
628 3415 882 3480 Davides
912 3421 1069 3504 lapis
1114 3426 1188 3484 ab
1228 3428 1720 3501 aedificatoribus
1760 3439 2001 3509 spretus
2039 3436 2099 3485 et
2134 3438 2339 3484 contra
2369 3433 2657 3489 omnium
2777 3462 2778 3495 1

422 3503 905 3576 exspectationem
946 3519 1136 3589 caput
1177 3513 1384 3590 anguli
1413 3512 1638 3585 factus
1688 3526 1845 3572 recte
1889 3515 2004 3571 dici
2046 3513 2228 3586 possit
2269 3510 2464 3569 Versu
2503 3518 2657 3588 223
2727 3514 2738 3518 ⁴

425 3594 603 3659 quum
633 3586 697 3649 in
726 3582 912 3646 oculis
936 3601 997 3648 et
1023 3597 1233 3652 animis
1256 3600 1454 3672 populi
1481 3616 1701 3673 semper
1727 3599 1925 3670 fuerit,
1968 3607 2025 3652 et
2054 3614 2090 3652 a
2117 3594 2298 3651 Saulo
2329 3604 2392 3651 et
2421 3602 2655 3656 aulicis

420 3670 613 3747 magis
643 3688 718 3728 ex
744 3682 921 3746 metu,
959 3694 1128 3752 quam
1143 3691 1466 3753 contemtu,
1491 3683 1831 3755 infestatus,
1868 3682 2015 3756 lapis
2050 3678 2358 3735 haberetur
2390 3679 2474 3737 ad
2509 3703 2659 3740 eum

370 3806 377 3809 „
421 3765 592 3813 usum
633 3753 952 3814 destinatus
992 3770 1051 3815 et
1098 3772 1283 3836 aptus.
1361 3766 1453 3823 Ad
1478 3763 1798 3839 ‘Hiskiam‚
1856 3783 2021 3840 quem
2063 3770 2293 3817 constat
2338 3765 2452 3821 sub
2501 3767 2660 3824 belli

423 3838 773 3896 atrocissimi
798 3842 1053 3914 pericula
1081 3845 1284 3904 lethali
1317 3849 1520 3906 morbo
1551 3859 1941 3924 prostratum,
1997 3842 2095 3901 sed
2115 3845 2481 3930 restitutum,
2497 3862 2661 3908 vota

421 3918 658 3992 publica
692 3922 1006 3983 reddidisse
1034 3925 1195 4001 Deo,
1252 3933 1315 3988 in
1349 3934 1552 4007 populi
1576 3935 1855 3992 comitatu
1885 3930 2079 3989 aedem
2111 3925 2289 3985 Jovae
2319 3931 2661 4009 salutasse,

423 4010 598 4076 atque
626 4006 1250 4077 miraculi.memoriam
1282 4017 1634 4074 carminibus
1669 4019 1922 4075 voluisse
1950 4028 2290 4071 conservare
2331 4012 2495 4088 (vid.
2529 4018 2661 4076 Jes.

423 4081 532 4156 38,
564 4087 838 4165 19.·20.)‚
879 4100 1109 4151 carmen
1140 4098 1319 4155 refert
1346 4097 1771 4158 Damnatam.
1840 4098 1955 4158 Sed
1981 4095 2221 4152 Versum
2246 4095 2351 4154 22.
2385 4103 2663 4163 nonnisi

343 4186 346 4191 ·
422 4182 700 4244 perquam
738 4182 935 4233 coacte
975 4177 1049 4234 ad
1088 4177 1356 4238 Hiskiam
1399 4183 1591 4256 trahi,
1645 4193 1803 4242 recte
1832 4179 2083 4240 Dathius
2116 4180 2368 4258 monuit.
2460 4183 2664 4252 Quod

419 4249 580 4309 cuim
619 4251 968 4317 Doederlein
1011 4263 1341 4338 existimat,
1405 4265 1683 4331 ,Hiskiam
1724 4266 2010 4340 rejectum
2048 4262 2138 4319 ab*
2163 4260 2663 4340 aedificantibus

330 4414 338 4427 ,
419 4328 676 4411 ’ΨΜ
721 4342 1008 4419 ΨΡΒῙῙδῐὶ
1032 4350 1338 4429 -Ρθῐῠὶίιο,
1405 4352 1563 4432 quod
1604 4368 1735 4421 eum
1775 4358 2007 4413 senatus
2046 4345 2245 4424 populi
2284 4349 2540 4414 Iudaici
2585 4362 2666 4409 nt
