2807 4913
608 258 627 265 ‘
680 324 709 331 ι
904 273 1033 369 Pa.
1083 228 1203 361 29,
1261 270 1375 336 ιι.
1461 271 1602 343 Pe.
1642 269 1765 338 30.
1829 358 1830 361 Ἴ
2142 264 2145 268 “
2295 246 2456 349 '193

192 453 394 526 sedet,
443 460 664 530 manet,
706 449 869 514 vaa
900 473 1018 513 rex
1036 456 1117 514 ‘in
1153 461 1481 513 aeternum.
1563 464 1719 517 :mvl
1751 454 1817 514 in
1840 436 2166 531 Praesenti
2197 467 2287 519 est
2313 477 2451 523 ver-

193 539 450 600 tendum
468 560 485 614 3
542 539 671 598 Vav
708 539 766 597 h.
798 543 838 597 l.
873 559 1033 598 mere
1064 543 1319 617 copulat.
1405 539 1606 618 Neque
1646 540 1801 597 enim
1845 537 1918 598 de
1954 541 2274 603 Praeterito
2313 565 2447 608 ser-

189 643 434 683 monem
467 643 614 698 esse,
658 628 804 683 satis
836 625 1006 683 docet
1037 644 1249 683 nomen
1280 626 1550 702 proxime
1583 623 1846 682 additum
1879 621 2090 694 nbwb.

282 730 285 733 Α
377 742 472 797 ll.
561 755 672 826 31:1¹2
721 735 874 803 57:295
928 742 996 805 τ’»
1037 744 1196 836 ffirrg
1242 742 1402 805 Jova
1441 739 1628 798 robur
1661 740 1889 819 populo
1933 760 2039 801 suo
2078 746 2283 826 dabit,
2328 755 2440 817 iste

189 842 307 884 rex
340 825 635 904 gloriosus
667 837 727 886 e't
768 836 888 883 tam
915 837 1121 902 potens
1154 823 1380 885 omnem
1407 845 1573 884 suam
1603 828 1927 902 potentiam
1964 828 2030 885 in
2071 832 2289 895 bonum
2328 859 2439 916 po-

188 911 326 988 puli
375 914 471 969 sui
509 915 731 987 exerit,
779 913 1004 970 virtute
1047 913 1325 985 instruit,
1386 931 1461 969 ne
1506 930 1541 969 a
1584 911 1755 968 malis
1799 913 2181 987 opprImatur.
2270 925 2432 1020 27217’
2539 918 2547 929 ⁴

188 990 404 1057 mum-2
450 997 742 1076 :my-3725
795 1005 954 1090 7⁸2²*
998 994 1155 1054 Jova
1193 995 1412 1075 populo
1456 1014 1563 1054 suo
1610 994 1916 1068 benefacit
1957 1015 2085 1058 cum
2126 988 2436 1065 incolumi-³·

189 1089 344 1151 tate,
395 1082 554 1137 omni
583 1063 996 1141 beneficiorum
1027 1101 1241 1185 genere
1277 1101 1407 1140 eum
1449 1082 1727 1156 cumulat,
1765 1091 1940 1160 atque
1968 1080 2432 1153 incolumitatem

186 1167 312 1239 ipsi
353 1173 633 1243 praestat.

1156 1333 1204 1395 P
1223 1352 1279 1394 s.
1341 1333 1446 1393 30.

367 1449 636 1513 Periculo
665 1452 1022 1553 gravissimo
1042 1452 1321 1511 liberatus
1351 1450 1578 1531 gratias
1609 1451 1737 1531 agit
1764 1447 1945 1511 Jovae
1970 1438 2278 1536 σωτῆρι,ἀ
2305 1477 2425 1537 quo

183 1537 381 1598 fuerit
425 1550 842 1610 conservatus,
902 1546 961 1594 et
1003 1539 1188 1613 ipsiu's
1236 1538 1591 1608 bonitatem,
1660 1554 1811 1613 quae
1857 1558 1962 1615 per
2007 1550 2193 1602 totam
2236 1547 2424 1606 vitam
2526 1592 2536 1611 ,

184 1634 457 1682 nostram
501 1621 729 1696 duret,
759 1642 936 1699 quum
980 1624 1072 1680 ira
1114 1625 1271 1698 ejus,
1316 1632 1375 1679 et
1406 1638 1553 1697 quae
1582 1620 1653 1678 ab
1683 1620 1791 1678 hac
1826 1624 2224 1685 immittuntur
2247 1631 2464 1719 mala,

184 1709 364 1766 nobis
402 1709 640 1765 minime
670 1709 900 1785 soleant
943 1725 1069 1765 esse
1112 1708 1426 1776 diuturna,
1485 1707 1717 1784 magnis
1757 1705 2056 1766 affectibus
2095 1698 2464 1788 praedicat,

186 1800 484 1864 testatus,
540 1809 660 1848 non
688 1778 801 1849 alia
834 1810 1007 1850 causa
1034 1811 1096 1849 se
1129 1802 1320 1868 petere
1357 1792 1541 1849 vitam
1582 1791 1698 1848 sibi
1736 1796 2079 1870 prorogari,
2136 1815 2309 1873 quam
2351 1807 2420 1858 ut

183 1875 432 1934 fortiter
462 1895 528 1933 ea
557 1877 842 1936 instauret
876 1885 938 1934 et
971 1886 1331 1953 promoveat,
1377 1895 1525 1952 quae
1558 1874 1785 1932 faciunt
1815 1875 1888 1932 ad
1877 1879 2172 1956 gloriam
2196 1879 2331 1940 Dei.

137 2036 143 2042 ,
369 1978 554 2043 Quum
585 1978 791 2034 titulus
823 1976 991 2052 hujus
1028 1978 1305 2034 carminis
1338 1976 1516 2034 verba
1555 1977 1670 2032 ista
1704 1994 1845 2053 prae
1884 1994 1946 2034 se
1984 1977 2170 2038 ferat:
2213 1984 2415 2042 cantio

190 2058 611 2118 dedicationis
648 2058 886 2134 domus,
948 2071 1235 2139 quaerunt
1289 2060 1667 2135 interpretes,
1736 2061 1926 2135 qualis
1977 2072 2038 2119 et
2092 2066 2418 2139 cujusmodi

86 2147 91 2151 ’
187 2142 399 2202 domus
445 2148 805 2203 consecratio
846 2147 1173 2218 indicetur,
1233 2161 1433 2201 sacrae
1478 2162 1554 2201 an
1596 2141 1913 2220 profanae?
1996 2145 2187 2224 Atque
2230 2152 2419 2228 aliqui

184 2230 420 2305 quidem
447 2230 516 2286 de
545 2230 907 2287 tabernaculi
936 2232 1089 2287 sacri
1118 2231 1572 2300 consecratione,
1600 2229 1705 2285 alii
1732 2229 1801 2285 de
1830 2227 1998 2288 domo
2025 2233 2211 2309 regia,
2240 2251 2417 2311 quam

187 2312 618 2390 Hierosolymis
659 2310 855 2371 David
894 2317 958 2371 in
1002 2314 1211 2372 Sionio
1255 2313 1368 2372 sibi
1408 2323 1780 2370 exstruxerat
1820 2309 1895 2391 (2
1913 2312 2075 2373 Sam
2111 2314 2183 2389 5,
2217 2318 2275 2373 6.
2308 2321 2414 2377 12.

190 2397 375 2456 lchr.
416 2400 529 2471 14,
554 2396 716 2479 η),
773 2401 1006 2456 titulum
1046 2397 1501 2479 intelligendum
1541 2398 1897 2458 existimant.
1983 2401 2175 2467 Quum
2213 2403 2411 2476 nullus

88 2509 95 2518 ·
184 2485 339 2542 inter
366 2481 651 2557 Judaeos,
705 2486 807 2561 qui
837 2485 1067 2542 domum
1099 2484 1490 2555 aedificasset,
1547 2500 1611 2539 ιιι
1627 2500 1769 2558 ἱιιιιιιι
1800 2485 2209 2562 ingrederetur
2242 2483 2414 2545 habi·-

183 2568 351 2627 tandi
383 2588 577 2642 causa,
604 2571 761 2646 ‘quin
794 2570 956 2644 prius
985 2570 1147 2627 illam
1177 2577 1571 2627 consecrasset
1604 2566 1743 2638 (vid.
1775 2566 1953 2625 Deut.
1984 2571 2087 2643 20,
2116 2567 2222 2650 5.),
2254 2572 2419 2647 quod,

183 2654 361 2715 fiebat
390 2654 668 2734 religioso
701 2656 1081 2730 aliquoritu,
1124 2664 1214 2726 et,
1255 2662 1329 2712 ut
1356 2653 1676 2711 verisimile
1705 2662 1825 2724 est,
1865 2656 2135 2711 cautione
2165 2656 2409 2729 alicujus

184 2739 507 2815 poematis3
571 2741 905 2815 conjectura
941 2746 1030 2794 est
1069 2740 1309 2795 minime
1354 2738 1607 2808 absona,
1661 2739 1901 2808 titulum
1941 2739 2120 2796 istum
2163 2740 2249 2797 ita
2290 2741 2413 2820 legi
2467 2747 2472 2753 ’

181 2840 388 2898 posse:
428 2819 720 2894 Psalmus,
762 2821 1065 2879 ca'nticum
1110 2822 1510 2880 dedicationis
1555 2821 1778 2895 domus,
1818 2820 2120 2880 Davidias
2169 2825 2237 2882 ut
2267 2822 2411 2884 haec

183 2910 300 2966 duo
328 2907 538 2981 verba,
582 2905 853 2966 Psalmus
893 2906 1188 2981 Davidis,
1225 2908 1576 2986 jungantur,
1614 2918 1682 2964 ut
1710 2910 1955 2979 assolet,
1993 2907 2065 2964 ad
2095 2907 2412 2990 designan-

181 2993 318 3051 dum
367 3003 698 3065 auctorem,
751 2994 978 3070 reliqua
1024 2994 1146 3050 sint
1192 2994 1376 3051 veluti
1428 2990 1825 3069 parenthetica
1868 2993 1963 3050 vel
2017 2995 2292 3066 trajecta,
2351 3001 2413 3053 et
2479 3017 2482 3026 ·

182 3079 585 3140 tantummodo
630 3077 998 3157 significent,
1049 3075 1202 3135 hanc
1241 3079 1409 3135 odam
1450 3074 1635 3133 fuisse
1677 3077 2052 3151 compositam
2094 3077 2170 3134 ad
2208 3097 2411 3137 earum

180 3162 391 3233 ideam,
426 3180 570 3237 quae
603 3163 867 3221 solebant
898 3165 963 3219 in
997 3161 1269 3220 domuum
1302 3162 1737 3219 consecratione
1770 3162 2016 3218 cantari.
2084 3160 2223 3220 Non
2254 3160 2412 3240 quod

181 3256 524 3326 argumento
554 3250 896 3321 conveniat,
955 3247 1056 3305 sed
1095 3248 1250 3325 quod
1289 3240 1486 3305 eadem
1523 3256 1652 3304 erat
1689 3244 2046 3319 modulatio,
2101 3247 2411 3323 eademque

178 3328 468 3388 Versuum
500 3334 844 3408 compositio
874 3341 933 3389 et
959 3339 1276 3390 structura.
1362 3332 1554 3399 Quum
1582 3340 1775 3388 tamen
1805 3326 1946 3387 haec
1982 3331 2180 3408 opinio
2211 3333 2409 3388 minus

179 3418 351 3473 certis
385 3419 744 3516 argumentis
775 3419 1036 3484 nitatur3
1075 3426 1331 3492 praestet
1354 3416 1593 3473 titulum
1621 3416 1786 3472 illum
1813 3410 1949 3471 huic
1968 3413 2205 3473 Psalmo
2238 3433 2411 3492 prae-

177 3499 356 3560 fixum
395 3501 765 3575 existimare,
819 3520 941 3559 non
979 3510 1047 3558 ut
1088 3502 1209 3574 ejus
1251 3500 1558 3559 materiam
1600 3508 1659 3558 et
1701 3499 2062 3557 occasionem
2099 3500 2414 3573 indicaret,

179 3585 276 3644 sed
317 3595 389 3643 ut
423 3595 685 3660 tempus,
743 3606 859 3664 quo
903 3588 1256 3663 compositus
1295 3595 1420 3658 est,
1471 3584 1896 3662 designaretur.
1978 3583 2221 3643 Nullum
2263 3602 2408 3642 vero

182 3679 404 3745 tempus
445 3670 510 3725 in
543 3668 790 3729 Davidis
827 3670 1078 3729 historia
1115 3672 1474 3747 reperiatur,
1535 3669 1688 3745 quod
1727 3668 1940 3724 melius
1979 3665 2118 3726 huic
2161 3668 2408 3726 carmini

181 3756 553 3827 conveniret,
607 3773 778 3832 quam
819 3747 998 3829 illud,
1054 3774 1168 3832 quo
1214 3775 1345 3813 eum
1387 3756 1616 3826 locum,
1659 3755 1723 3811 in
1757 3770 1872 3829 quo
1903 3754 2176 3830 templum·
2204 3760 2410 3829 postea

178 3838 593 3896 exstruendum
625 3835 813 3913 esset,
866 3842 952 3896 ita
985 3840 1308 3913 dedicavit,
1356 3849 1425 3896 ut
1466 3838 1532 3895 in
1573 3856 1642 3896 eo
1684 3845 1745 3895 et
1787 3837 1971 3894 altare
2012 3838 2407 3910 erexerit,⁴et

177 3922 525 3981 sacrificium
560 3922 856 3983 obtulerit.
938 3924 1007 3983 ld
1039 3932 1233 3982 autem
1276 3944 1312 3982 a
1343 3921 1571 3982 Davide
1601 3921 1817 3979 factum
1847 3929 1971 3988 esse
2004 3923 2285 3996 scriptum
2316 3927 2407 3977 est

181 4006 361 4068 lchr.
397 4009 506 4080 21,
541 4009 642 4067 26.
689 4010 793 4084 22,
830 4014 882 4067 1.
965 4009 1116 4068 Nam
1148 4012 1361 4086 populo
1391 4010 1513 4081 ejus
1542 4009 1707 4082 jussu
1742 4016 2077 4078 numerato,
2122 4023 2298 4082 quum
2333 4023 2406 4065 eo

175 4089 323 4149 facto
356 4094 510 4149 iram
535 4092 714 4152 Jovae
751 4095 1124 4167 concitasset,
1167 4096 1518 4170 optioneque
1550 4092 1886 4169 proposita
1879 4091 2181 4147 maluisset
2210 4090 2407 4148 tribus

177 4175 370 4233 diebus
414 4178 677 4257 gladium
714 4178 894 4237 Jovae
937 4181 1001 4236 in
1043 4189 1204 4237 terra
1242 4179 1500 4260 versari,
1557 4178 1720 4234 misit
1768 4177 1869 4232 ille
1915 4175 2301 4251 pestilentiam
2339 4176 2407 4230 in

173 4257 500 4336 Israelitas,
542 4282 689 4340 quae
730 4274 894 4322 tanta
933 4266 999 4322 vi
1041 4265 1107 4321 in
1137 4263 1436 4343 populum
1443 4271 1711 4342 grassata
1738 4269 1860 4333 est,
1919 4268 1989 4316 ut
2030 4261 2408 4340 septuaginta
2480 4260 2483 4263 ’

171 4347 656 4496 ιιιίΐῖὦὶιοιωιι
700 4349 1091 4409 interimeret.
1178 4346 1334 4409 Tum
1363 4348 1631 4429 Angelus
1664 4347 1878 4491 {gissus
1912 4341 2405 4424 Hierosolymam,

291 4449 323 4489 3
443 4451 464 4489 ι
934 4467 937 4470 1
