<?xml version="1.0" encoding="UTF-8"?>
<!DOCTYPE html PUBLIC "-//W3C//DTD XHTML 1.0 Transitional//EN"
    "http://www.w3.org/TR/xhtml1/DTD/xhtml1-transitional.dtd">
<html xmlns="http://www.w3.org/1999/xhtml" xml:lang="en" lang="en">
 <head>
  <title>
</title>
<meta http-equiv="Content-Type" content="text/html;charset=utf-8" />
  <meta name='ocr-system' content='tesseract 3.04.00' />
  <meta name='ocr-capabilities' content='ocr_page ocr_carea ocr_par ocr_line ocrx_word'/>
</head>
<body>
  <div class='ocr_page' id='page_1' title='image "./scholiainpsalmo00rosegoog_0610.png"; bbox 0 0 2807 4913; ppageno 0'>
   <div class='ocr_carea' id='block_1_1' title="bbox 382 247 1829 359">
    <p class='ocr_par' dir='ltr' id='par_1_1' title="bbox 382 247 1829 359">
     <span class='ocr_line' id='line_1_1' title="bbox 382 247 1829 359; baseline -0.006 -12"><span class='ocrx_word' id='word_1_1' title='bbox 382 267 542 348; x_wconf 81' lang='grc'>548</span> <span class='ocrx_word' id='word_1_2' title='bbox 716 353 727 358; x_wconf 39' lang='grc'><strong>,</strong></span> <span class='ocrx_word' id='word_1_3' title='bbox 1012 263 1015 266; x_wconf 38' lang='grc'><strong>’</strong></span> <span class='ocrx_word' id='word_1_4' title='bbox 1183 247 1829 359; x_wconf 27' lang='lat' dir='ltr'>st.1103,1—·3.</span> 
     </span>
    </p>
   </div>
   <div class='ocr_carea' id='block_1_2' title="bbox 334 414 2619 716">
    <p class='ocr_par' dir='ltr' id='par_1_2' title="bbox 334 414 2619 711">
     <span class='ocr_line' id='line_1_2' title="bbox 382 414 2618 546; baseline 0.001 -27"><span class='ocrx_word' id='word_1_5' title='bbox 382 475 615 546; x_wconf 66' lang='lat' dir='ltr'>emper</span> <span class='ocrx_word' id='word_1_6' title='bbox 654 457 1000 534; x_wconf 75' lang='lat' dir='ltr'>explicatur.</span> <span class='ocrx_word' id='word_1_7' title='bbox 1082 456 1390 518; x_wconf 82' lang='lat' dir='ltr'>Sententia</span> <span class='ocrx_word' id='word_1_8' title='bbox 1426 458 1614 539; x_wconf 78' lang='lat' dir='ltr'>igitur</span> <span class='ocrx_word' id='word_1_9' title='bbox 1645 457 1795 517; x_wconf 80' lang='lat' dir='ltr'>haec</span> <span class='ocrx_word' id='word_1_10' title='bbox 1830 414 1981 518; x_wconf 76' lang='lat' dir='ltr'>erit.</span> <span class='ocrx_word' id='word_1_11' title='bbox 2004 460 2265 522; x_wconf 58' lang='lat' dir='ltr'>soboles</span> <span class='ocrx_word' id='word_1_12' title='bbox 2303 477 2618 521; x_wconf 77' lang='lat' dir='ltr'>servorum</span> 
     </span>
     <span class='ocr_line' id='line_1_3' title="bbox 334 543 2619 631; baseline -0.002 -24"><span class='ocrx_word' id='word_1_13' title='bbox 334 569 339 572; x_wconf 75' lang='grc'><em>’</em></span> <span class='ocrx_word' id='word_1_14' title='bbox 384 558 642 618; x_wconf 87' lang='lat' dir='ltr'>tuorum,</span> <span class='ocrx_word' id='word_1_15' title='bbox 680 545 930 620; x_wconf 80' lang='lat' dir='ltr'>populus</span> <span class='ocrx_word' id='word_1_16' title='bbox 962 552 1099 599; x_wconf 87' lang='lat' dir='ltr'>tuus</span> <span class='ocrx_word' id='word_1_17' title='bbox 1130 561 1444 620; x_wconf 78' lang='lat' dir='ltr'><strong>numquam</strong></span> <span class='ocrx_word' id='word_1_18' title='bbox 1470 543 1705 619; x_wconf 87' lang='lat' dir='ltr'>peribit.</span> <span class='ocrx_word' id='word_1_19' title='bbox 1776 544 1899 604; x_wconf 87' lang='lat' dir='ltr'>Alii</span> <span class='ocrx_word' id='word_1_20' title='bbox 1931 543 2073 602; x_wconf 85' lang='lat' dir='ltr'>haec</span> <span class='ocrx_word' id='word_1_21' title='bbox 2102 554 2166 602; x_wconf 89' lang='lat' dir='ltr'>ut</span> <span class='ocrx_word' id='word_1_22' title='bbox 2192 563 2391 631; x_wconf 74' lang='lat' dir='ltr'>preces</span> <span class='ocrx_word' id='word_1_23' title='bbox 2418 547 2619 604; x_wconf 89' lang='lat' dir='ltr'>inter-</span> 
     </span>
     <span class='ocr_line' id='line_1_4' title="bbox 351 626 1560 716; baseline -0.007 -22"><span class='ocrx_word' id='word_1_24' title='bbox 351 639 709 711; x_wconf 74' lang='lat' dir='ltr'>.pretantur‚</span> <span class='ocrx_word' id='word_1_25' title='bbox 750 637 812 685; x_wconf 87' lang='lat' dir='ltr'>et</span> <span class='ocrx_word' id='word_1_26' title='bbox 832 644 964 688; x_wconf 94' lang='lat' dir='ltr'>non</span> <span class='ocrx_word' id='word_1_27' title='bbox 992 636 1062 716; x_wconf 83' lang='lat' dir='ltr'>ut</span> <span class='ocrx_word' id='word_1_28' title='bbox 1088 626 1560 706; x_wconf 76' lang='lat' dir='ltr'>praedictionem.</span> 
     </span>
    </p>
   </div>
   <div class='ocr_carea' id='block_1_3' title="bbox 1341 829 1658 889">
    <p class='ocr_par' dir='ltr' id='par_1_3' title="bbox 1341 829 1658 889">
     <span class='ocr_line' id='line_1_5' title="bbox 1341 829 1658 889; baseline -0.003 0"><span class='ocrx_word' id='word_1_29' title='bbox 1341 829 1389 889; x_wconf 89' lang='lat' dir='ltr'><strong>P</strong></span> <span class='ocrx_word' id='word_1_30' title='bbox 1406 848 1458 889; x_wconf 87' lang='lat' dir='ltr'>s.</span> <span class='ocrx_word' id='word_1_31' title='bbox 1516 832 1658 889; x_wconf 81' lang='lat'><strong>103.</strong></span> 
     </span>
    </p>
   </div>
   <div class='ocr_carea' id='block_1_4' title="bbox 276 931 2626 2635">
    <p class='ocr_par' dir='ltr' id='par_1_4' title="bbox 276 931 2626 2635">
     <span class='ocr_line' id='line_1_6' title="bbox 561 931 2613 1049; baseline -0 -38"><span class='ocrx_word' id='word_1_32' title='bbox 561 951 884 1011; x_wconf 78' lang='lat' dir='ltr'>celebratio</span> <span class='ocrx_word' id='word_1_33' title='bbox 923 931 1337 1007; x_wconf 88' lang='lat' dir='ltr'>beneficiorum</span> <span class='ocrx_word' id='word_1_34' title='bbox 1372 949 1784 1049; x_wconf 79' lang='lat' dir='ltr'><strong>multiplicium</strong></span> <span class='ocrx_word' id='word_1_35' title='bbox 1826 947 1973 1024; x_wconf 86' lang='lat' dir='ltr'>Dei,</span> <span class='ocrx_word' id='word_1_36' title='bbox 2034 952 2243 1026; x_wconf 89' lang='lat' dir='ltr'>quibus</span> <span class='ocrx_word' id='word_1_37' title='bbox 2281 950 2461 1012; x_wconf 86' lang='lat' dir='ltr'>afficit</span> <span class='ocrx_word' id='word_1_38' title='bbox 2499 971 2613 1028; x_wconf 87' lang='lat' dir='ltr'>po-</span> 
     </span>
     <span class='ocr_line' id='line_1_7' title="bbox 384 1030 2611 1119; baseline -0.002 -21"><span class='ocrx_word' id='word_1_39' title='bbox 384 1041 587 1119; x_wconf 88' lang='lat' dir='ltr'>pulum</span> <span class='ocrx_word' id='word_1_40' title='bbox 616 1055 784 1094; x_wconf 85' lang='lat' dir='ltr'>suum</span> <span class='ocrx_word' id='word_1_41' title='bbox 814 1030 1091 1110; x_wconf 81' lang='lat' dir='ltr'>privatim</span> <span class='ocrx_word' id='word_1_42' title='bbox 1122 1042 1182 1090; x_wconf 89' lang='lat' dir='ltr'>et</span> <span class='ocrx_word' id='word_1_43' title='bbox 1207 1032 1468 1109; x_wconf 88' lang='lat' dir='ltr'>publice·</span> <span class='ocrx_word' id='word_1_44' title='bbox 1453 1072 1470 1101; x_wconf 91' lang='lat'>‚</span> <span class='ocrx_word' id='word_1_45' title='bbox 1527 1033 1795 1107; x_wconf 77' lang='lat' dir='ltr'>inprimis</span> <span class='ocrx_word' id='word_1_46' title='bbox 1835 1044 2026 1093; x_wconf 89' lang='lat' dir='ltr'>tamen</span> <span class='ocrx_word' id='word_1_47' title='bbox 2063 1038 2314 1094; x_wconf 70' lang='lat' dir='ltr'>celebrat</span> <span class='ocrx_word' id='word_1_48' title='bbox 2349 1040 2611 1117; x_wconf 78' lang='lat' dir='ltr'>gratiam</span> 
     </span>
     <span class='ocr_line' id='line_1_8' title="bbox 386 1115 2613 1201; baseline -0.002 -18"><span class='ocrx_word' id='word_1_49' title='bbox 386 1136 446 1183; x_wconf 89' lang='lat' dir='ltr'>et</span> <span class='ocrx_word' id='word_1_50' title='bbox 502 1120 956 1182; x_wconf 87' lang='lat' dir='ltr'>misericordiam</span> <span class='ocrx_word' id='word_1_51' title='bbox 1001 1116 1120 1176; x_wconf 91' lang='lat' dir='ltr'>Dei</span> <span class='ocrx_word' id='word_1_52' title='bbox 1167 1125 1228 1175; x_wconf 90' lang='lat' dir='ltr'>et</span> <span class='ocrx_word' id='word_1_53' title='bbox 1277 1126 1578 1193; x_wconf 86' lang='lat' dir='ltr'>paternam</span> <span class='ocrx_word' id='word_1_54' title='bbox 1625 1115 1987 1177; x_wconf 85' lang='lat' dir='ltr'>affectionem</span> <span class='ocrx_word' id='word_1_55' title='bbox 2041 1140 2182 1201; x_wconf 87' lang='lat' dir='ltr'>erga</span> <span class='ocrx_word' id='word_1_56' title='bbox 2227 1120 2495 1178; x_wconf 81' lang='lat' dir='ltr'>homines</span> <span class='ocrx_word' id='word_1_57' title='bbox 2544 1124 2613 1179; x_wconf 88' lang='lat' dir='ltr'>in</span> 
     </span>
     <span class='ocr_line' id='line_1_9' title="bbox 384 1201 2610 1288; baseline -0.002 -21"><span class='ocrx_word' id='word_1_58' title='bbox 384 1206 740 1288; x_wconf 82' lang='lat' dir='ltr'>ignoscendo</span> <span class='ocrx_word' id='word_1_59' title='bbox 792 1212 853 1262; x_wconf 90' lang='lat' dir='ltr'>et</span> <span class='ocrx_word' id='word_1_60' title='bbox 906 1202 1206 1261; x_wconf 86' lang='lat' dir='ltr'>tolerando</span> <span class='ocrx_word' id='word_1_61' title='bbox 1258 1201 1720 1259; x_wconf 81' lang='lat' dir='ltr'>imbecillitatem</span> <span class='ocrx_word' id='word_1_62' title='bbox 1768 1205 2050 1279; x_wconf 86' lang='lat' dir='ltr'>ipsorum.</span> <span class='ocrx_word' id='word_1_63' title='bbox 2134 1204 2291 1262; x_wconf 88' lang='lat' dir='ltr'>Huic</span> <span class='ocrx_word' id='word_1_64' title='bbox 2338 1208 2495 1262; x_wconf 87' lang='lat' dir='ltr'>enim</span> <span class='ocrx_word' id='word_1_65' title='bbox 2547 1214 2610 1262; x_wconf 89' lang='lat' dir='ltr'>et</span> 
     </span>
     <span class='ocr_line' id='line_1_10' title="bbox 386 1286 2608 1387; baseline -0.004 -35"><span class='ocrx_word' id='word_1_66' title='bbox 386 1289 792 1351; x_wconf 75' lang='lat' dir='ltr'>describendae</span> <span class='ocrx_word' id='word_1_67' title='bbox 847 1298 906 1348; x_wconf 83' lang='lat' dir='ltr'>et</span> <span class='ocrx_word' id='word_1_68' title='bbox 961 1286 1335 1346; x_wconf 78' lang='lat' dir='ltr'>celebrandae</span> <span class='ocrx_word' id='word_1_69' title='bbox 1388 1288 1702 1343; x_wconf 82' lang='lat' dir='ltr'>maximam</span> <span class='ocrx_word' id='word_1_70' title='bbox 1748 1298 1969 1387; x_wconf 85' lang='lat' dir='ltr'>partem</span> <span class='ocrx_word' id='word_1_71' title='bbox 2025 1289 2241 1347; x_wconf 86' lang='lat' dir='ltr'>Psalmi</span> <span class='ocrx_word' id='word_1_72' title='bbox 2297 1287 2608 1365; x_wconf 83' lang='lat' dir='ltr'>impendit,</span> 
     </span>
     <span class='ocr_line' id='line_1_11' title="bbox 388 1367 2610 1456; baseline -0.001 -23"><span class='ocrx_word' id='word_1_73' title='bbox 388 1378 598 1456; x_wconf 88' lang='lat' dir='ltr'>quibus</span> <span class='ocrx_word' id='word_1_74' title='bbox 631 1375 845 1431; x_wconf 81' lang='lat' dir='ltr'>attexit</span> <span class='ocrx_word' id='word_1_75' title='bbox 870 1382 1072 1449; x_wconf 88' lang='lat' dir='ltr'>postea</span> <span class='ocrx_word' id='word_1_76' title='bbox 1101 1384 1160 1429; x_wconf 89' lang='lat' dir='ltr'>et</span> <span class='ocrx_word' id='word_1_77' title='bbox 1193 1369 1262 1427; x_wconf 88' lang='lat' dir='ltr'>de</span> <span class='ocrx_word' id='word_1_78' title='bbox 1294 1373 1556 1446; x_wconf 87' lang='lat' dir='ltr'>potentia</span> <span class='ocrx_word' id='word_1_79' title='bbox 1580 1367 1693 1427; x_wconf 89' lang='lat' dir='ltr'>Dei</span> <span class='ocrx_word' id='word_1_80' title='bbox 1721 1374 1901 1451; x_wconf 85' lang='lat' dir='ltr'>regia.</span> <span class='ocrx_word' id='word_1_81' title='bbox 1983 1375 2170 1450; x_wconf 84' lang='lat' dir='ltr'>Atque</span> <span class='ocrx_word' id='word_1_82' title='bbox 2200 1376 2285 1431; x_wconf 89' lang='lat' dir='ltr'>ita</span> <span class='ocrx_word' id='word_1_83' title='bbox 2319 1384 2378 1431; x_wconf 93' lang='lat' dir='ltr'>et</span> <span class='ocrx_word' id='word_1_84' title='bbox 2412 1371 2610 1431; x_wconf 85' lang='lat' dir='ltr'>homi·</span> 
     </span>
     <span class='ocr_line' id='line_1_12' title="bbox 384 1455 2610 1534; baseline -0.002 -16"><span class='ocrx_word' id='word_1_85' title='bbox 384 1480 487 1519; x_wconf 85' lang='lat' dir='ltr'>nes</span> <span class='ocrx_word' id='word_1_86' title='bbox 532 1477 765 1532; x_wconf 85' lang='lat' dir='ltr'>omnes,</span> <span class='ocrx_word' id='word_1_87' title='bbox 825 1466 885 1515; x_wconf 91' lang='lat' dir='ltr'>et</span> <span class='ocrx_word' id='word_1_88' title='bbox 930 1468 1224 1513; x_wconf 89' lang='lat' dir='ltr'>creaturas</span> <span class='ocrx_word' id='word_1_89' title='bbox 1257 1455 1373 1512; x_wconf 89' lang='lat' dir='ltr'>Dei</span> <span class='ocrx_word' id='word_1_90' title='bbox 1412 1456 1745 1534; x_wconf 82' lang='lat' dir='ltr'>universas,</span> <span class='ocrx_word' id='word_1_91' title='bbox 1806 1457 2147 1515; x_wconf 85' lang='lat' dir='ltr'>exhortatur</span> <span class='ocrx_word' id='word_1_92' title='bbox 2184 1468 2243 1515; x_wconf 93' lang='lat' dir='ltr'>et</span> <span class='ocrx_word' id='word_1_93' title='bbox 2281 1468 2489 1516; x_wconf 81' lang='lat' dir='ltr'>evocat</span> <span class='ocrx_word' id='word_1_94' title='bbox 2530 1457 2610 1516; x_wconf 84' lang='lat' dir='ltr'>ad</span> 
     </span>
     <span class='ocr_line' id='line_1_13' title="bbox 384 1539 2612 1616; baseline -0.001 -13"><span class='ocrx_word' id='word_1_95' title='bbox 384 1546 718 1603; x_wconf 85' lang='lat' dir='ltr'>societatem</span> <span class='ocrx_word' id='word_1_96' title='bbox 758 1541 1091 1600; x_wconf 87' lang='lat' dir='ltr'>celebrandi</span> <span class='ocrx_word' id='word_1_97' title='bbox 1133 1551 1255 1597; x_wconf 89' lang='lat' dir='ltr'>tam</span> <span class='ocrx_word' id='word_1_98' title='bbox 1294 1539 1608 1597; x_wconf 85' lang='lat' dir='ltr'>beneficum</span> <span class='ocrx_word' id='word_1_99' title='bbox 1639 1549 1697 1596; x_wconf 90' lang='lat' dir='ltr'>et</span> <span class='ocrx_word' id='word_1_100' title='bbox 1728 1550 2017 1616; x_wconf 85' lang='lat' dir='ltr'>potentem</span> <span class='ocrx_word' id='word_1_101' title='bbox 2052 1539 2284 1614; x_wconf 86' lang='lat' dir='ltr'>Deum,</span> <span class='ocrx_word' id='word_1_102' title='bbox 2337 1552 2398 1599; x_wconf 91' lang='lat' dir='ltr'>et</span> <span class='ocrx_word' id='word_1_103' title='bbox 2429 1544 2612 1600; x_wconf 84' lang='lat' dir='ltr'>simul</span> 
     </span>
     <span class='ocr_line' id='line_1_14' title="bbox 383 1626 2614 1708; baseline -0.001 -20"><span class='ocrx_word' id='word_1_104' title='bbox 383 1632 560 1688; x_wconf 89' lang='lat' dir='ltr'>etiam</span> <span class='ocrx_word' id='word_1_105' title='bbox 589 1628 829 1708; x_wconf 81' lang='lat' dir='ltr'>angelos</span> <span class='ocrx_word' id='word_1_106' title='bbox 861 1636 920 1683; x_wconf 87' lang='lat' dir='ltr'>et</span> <span class='ocrx_word' id='word_1_107' title='bbox 952 1628 1259 1683; x_wconf 85' lang='lat' dir='ltr'>coelestem</span> <span class='ocrx_word' id='word_1_108' title='bbox 1287 1627 1640 1697; x_wconf 85' lang='lat' dir='ltr'>exercitum,</span> <span class='ocrx_word' id='word_1_109' title='bbox 1697 1643 1944 1700; x_wconf 87' lang='lat' dir='ltr'>quorum</span> <span class='ocrx_word' id='word_1_110' title='bbox 1974 1645 2212 1685; x_wconf 89' lang='lat' dir='ltr'>munera</span> <span class='ocrx_word' id='word_1_111' title='bbox 2242 1626 2337 1685; x_wconf 89' lang='lat' dir='ltr'>Vs.</span> <span class='ocrx_word' id='word_1_112' title='bbox 2374 1628 2477 1684; x_wconf 84' lang='lat'>2⁰.</span> <span class='ocrx_word' id='word_1_113' title='bbox 2503 1629 2614 1685; x_wconf 83' lang='lat'>31</span> 
     </span>
     <span class='ocr_line' id='line_1_15' title="bbox 379 1708 2610 1785; baseline -0.001 -14"><span class='ocrx_word' id='word_1_114' title='bbox 379 1709 672 1772; x_wconf 88' lang='lat' dir='ltr'>luculente</span> <span class='ocrx_word' id='word_1_115' title='bbox 718 1710 1014 1768; x_wconf 86' lang='lat' dir='ltr'>describit.</span> <span class='ocrx_word' id='word_1_116' title='bbox 1069 1740 1156 1750; x_wconf 86' lang='lat'>—-—</span> <span class='ocrx_word' id='word_1_117' title='bbox 1211 1708 1478 1766; x_wconf 85' lang='lat' dir='ltr'>Hebraea</span> <span class='ocrx_word' id='word_1_118' title='bbox 1518 1710 1826 1785; x_wconf 79' lang='lat' dir='ltr'>inscriptio</span> <span class='ocrx_word' id='word_1_119' title='bbox 1876 1709 2084 1785; x_wconf 85' lang='lat' dir='ltr'>habet,</span> <span class='ocrx_word' id='word_1_120' title='bbox 2157 1731 2282 1770; x_wconf 89' lang='lat' dir='ltr'>esse</span> <span class='ocrx_word' id='word_1_121' title='bbox 2335 1709 2610 1769; x_wconf 74' lang='lat' dir='ltr'>Davidis</span> 
     </span>
     <span class='ocr_line' id='line_1_16' title="bbox 381 1792 2626 1866; baseline -0.001 -11"><span class='ocrx_word' id='word_1_122' title='bbox 381 1796 698 1855; x_wconf 70' lang='lat' dir='ltr'>Psalmum.</span> <span class='ocrx_word' id='word_1_123' title='bbox 786 1792 959 1863; x_wconf 79' lang='lat' dir='ltr'>Quod</span> <span class='ocrx_word' id='word_1_124' title='bbox 1017 1795 1070 1849; x_wconf 88' lang='lat' dir='ltr'>si</span> <span class='ocrx_word' id='word_1_125' title='bbox 1116 1796 1202 1851; x_wconf 88' lang='lat' dir='ltr'>ita</span> <span class='ocrx_word' id='word_1_126' title='bbox 1247 1803 1370 1866; x_wconf 88' lang='lat' dir='ltr'>est,</span> <span class='ocrx_word' id='word_1_127' title='bbox 1437 1794 1592 1851; x_wconf 86' lang='lat' dir='ltr'>sicut</span> <span class='ocrx_word' id='word_1_128' title='bbox 1646 1813 1766 1851; x_wconf 90' lang='lat' dir='ltr'>non</span> <span class='ocrx_word' id='word_1_129' title='bbox 1816 1795 2076 1853; x_wconf 81' lang='lat' dir='ltr'>videmur</span> <span class='ocrx_word' id='word_1_130' title='bbox 2131 1795 2342 1853; x_wconf 86' lang='lat' dir='ltr'>habere</span> <span class='ocrx_word' id='word_1_131' title='bbox 2401 1799 2626 1853; x_wconf 50' lang='lat' dir='ltr'>causas*</span> 
     </span>
     <span class='ocr_line' id='line_1_17' title="bbox 383 1877 2615 1962; baseline -0.001 -23"><span class='ocrx_word' id='word_1_132' title='bbox 383 1898 734 1962; x_wconf 77' lang='lat' dir='ltr'>magnopere</span> <span class='ocrx_word' id='word_1_133' title='bbox 782 1879 1118 1952; x_wconf 84' lang='lat' dir='ltr'>dubitandi,</span> <span class='ocrx_word' id='word_1_134' title='bbox 1162 1880 1429 1935; x_wconf 74' lang='lat' dir='ltr'>&#39;omnino</span> <span class='ocrx_word' id='word_1_135' title='bbox 1479 1877 1650 1935; x_wconf 87' lang='lat' dir='ltr'>laetis</span> <span class='ocrx_word' id='word_1_136' title='bbox 1692 1881 2045 1955; x_wconf 80' lang='lat' dir='ltr'>temporibus</span> <span class='ocrx_word' id='word_1_137' title='bbox 2089 1881 2256 1938; x_wconf 87' lang='lat' dir='ltr'>illum</span> <span class='ocrx_word' id='word_1_138' title='bbox 2301 1882 2615 1957; x_wconf 84' lang='lat' dir='ltr'>scripsisse</span> 
     </span>
     <span class='ocr_line' id='line_1_18' title="bbox 383 1964 2613 2043; baseline -0.001 -19"><span class='ocrx_word' id='word_1_139' title='bbox 383 1975 644 2042; x_wconf 83' lang='lat' dir='ltr'>apparet.</span> <span class='ocrx_word' id='word_1_140' title='bbox 729 1965 918 2040; x_wconf 84' lang='lat' dir='ltr'>Atque</span> <span class='ocrx_word' id='word_1_141' title='bbox 952 1964 1055 2019; x_wconf 89' lang='lat' dir='ltr'>alii</span> <span class='ocrx_word' id='word_1_142' title='bbox 1082 1964 1309 2041; x_wconf 90' lang='lat' dir='ltr'>quidem</span> <span class='ocrx_word' id='word_1_143' title='bbox 1341 1972 1475 2035; x_wconf 88' lang='lat' dir='ltr'>post</span> <span class='ocrx_word' id='word_1_144' title='bbox 1507 1964 1680 2021; x_wconf 87' lang='lat' dir='ltr'>initia</span> <span class='ocrx_word' id='word_1_145' title='bbox 1708 1966 1880 2043; x_wconf 83' lang='lat' dir='ltr'>regni</span> <span class='ocrx_word' id='word_1_146' title='bbox 1915 1965 2201 2038; x_wconf 88' lang='lat' dir='ltr'>lsraelici,</span> <span class='ocrx_word' id='word_1_147' title='bbox 2250 1975 2462 2041; x_wconf 89' lang='lat' dir='ltr'>pacato</span> <span class='ocrx_word' id='word_1_148' title='bbox 2485 1968 2613 2038; x_wconf 83' lang='lat' dir='ltr'>jam</span> 
     </span>
     <span class='ocr_line' id='line_1_19' title="bbox 276 2047 2615 2130; baseline -0 -23"><span class='ocrx_word' id='word_1_149' title='bbox 276 2111 281 2116; x_wconf 65' lang='grc'><strong>,</strong></span> <span class='ocrx_word' id='word_1_150' title='bbox 379 2069 601 2130; x_wconf 78' lang='lat' dir='ltr'>regno,</span> <span class='ocrx_word' id='word_1_151' title='bbox 657 2059 759 2107; x_wconf 88' lang='lat' dir='ltr'>aut</span> <span class='ocrx_word' id='word_1_152' title='bbox 788 2048 957 2105; x_wconf 90' lang='lat' dir='ltr'>bellis</span> <span class='ocrx_word' id='word_1_153' title='bbox 991 2049 1195 2105; x_wconf 87' lang='lat' dir='ltr'>saltem</span> <span class='ocrx_word' id='word_1_154' title='bbox 1223 2047 1842 2121; x_wconf 80' lang='lat' dir='ltr'>interquiescentibus,</span> <span class='ocrx_word' id='word_1_155' title='bbox 1882 2048 2095 2106; x_wconf 81' lang='lat' dir='ltr'>factum</span> <span class='ocrx_word' id='word_1_156' title='bbox 2125 2067 2356 2107; x_wconf 88' lang='lat' dir='ltr'>carmen</span> <span class='ocrx_word' id='word_1_157' title='bbox 2390 2051 2615 2114; x_wconf 81' lang='lat' dir='ltr'>existi·</span> 
     </span>
     <span class='ocr_line' id='line_1_20' title="bbox 381 2131 2618 2209; baseline 0 -18"><span class='ocrx_word' id='word_1_158' title='bbox 381 2143 578 2202; x_wconf 82' lang='lat' dir='ltr'>mant3</span> <span class='ocrx_word' id='word_1_159' title='bbox 636 2136 740 2191; x_wconf 90' lang='lat' dir='ltr'>alii</span> <span class='ocrx_word' id='word_1_160' title='bbox 781 2151 920 2190; x_wconf 84' lang='lat' dir='ltr'>vero</span> <span class='ocrx_word' id='word_1_161' title='bbox 961 2131 1036 2189; x_wconf 87' lang='lat' dir='ltr'>ad</span> <span class='ocrx_word' id='word_1_162' title='bbox 1081 2134 1362 2190; x_wconf 79' lang='lat' dir='ltr'>laetitiam</span> <span class='ocrx_word' id='word_1_163' title='bbox 1403 2133 1565 2189; x_wconf 89' lang='lat' dir='ltr'>illam</span> <span class='ocrx_word' id='word_1_164' title='bbox 1602 2134 1908 2190; x_wconf 86' lang='lat' dir='ltr'>initiorum</span> <span class='ocrx_word' id='word_1_165' title='bbox 1942 2133 2173 2205; x_wconf 88' lang='lat' dir='ltr'>Zionii‚</span> <span class='ocrx_word' id='word_1_166' title='bbox 2234 2144 2369 2209; x_wconf 91' lang='lat' dir='ltr'>post</span> <span class='ocrx_word' id='word_1_167' title='bbox 2410 2136 2618 2191; x_wconf 85' lang='lat' dir='ltr'>intro·</span> 
     </span>
     <span class='ocr_line' id='line_1_21' title="bbox 318 2215 2617 2294; baseline -0.002 -17"><span class='ocrx_word' id='word_1_168' title='bbox 318 2230 323 2247; x_wconf 91' lang='lat'>¹</span> <span class='ocrx_word' id='word_1_169' title='bbox 382 2219 614 2277; x_wconf 87' lang='lat' dir='ltr'>ductam</span> <span class='ocrx_word' id='word_1_170' title='bbox 657 2236 890 2289; x_wconf 86' lang='lat' dir='ltr'>arcam,</span> <span class='ocrx_word' id='word_1_171' title='bbox 940 2216 1223 2277; x_wconf 87' lang='lat' dir='ltr'>referunt.</span> <span class='ocrx_word' id='word_1_172' title='bbox 1313 2215 1431 2274; x_wconf 89' lang='lat' dir='ltr'>Sed</span> <span class='ocrx_word' id='word_1_173' title='bbox 1474 2235 1651 2292; x_wconf 88' lang='lat' dir='ltr'>quum</span> <span class='ocrx_word' id='word_1_174' title='bbox 1694 2217 1910 2276; x_wconf 85' lang='lat' dir='ltr'>diserte</span> <span class='ocrx_word' id='word_1_175' title='bbox 1951 2228 2353 2276; x_wconf 88' lang='lat' dir='ltr'>commemoret</span> <span class='ocrx_word' id='word_1_176' title='bbox 2395 2236 2617 2294; x_wconf 85' lang='lat' dir='ltr'>pecca-</span> 
     </span>
     <span class='ocr_line' id='line_1_22' title="bbox 380 2297 2619 2378; baseline -0.001 -17"><span class='ocrx_word' id='word_1_177' title='bbox 380 2312 577 2361; x_wconf 89' lang='lat' dir='ltr'>torum</span> <span class='ocrx_word' id='word_1_178' title='bbox 619 2303 1023 2361; x_wconf 82' lang='lat' dir='ltr'>remissionem</span> <span class='ocrx_word' id='word_1_179' title='bbox 1066 2297 1200 2378; x_wconf 86' lang='lat' dir='ltr'>(Vs.</span> <span class='ocrx_word' id='word_1_180' title='bbox 1239 2301 1300 2358; x_wconf 82' lang='lat'>2.</span> <span class='ocrx_word' id='word_1_181' title='bbox 1348 2310 1411 2357; x_wconf 90' lang='lat' dir='ltr'>et</span> <span class='ocrx_word' id='word_1_182' title='bbox 1454 2297 1776 2377; x_wconf 64' lang='lat'><strong>8-10.)‚</strong></span> <span class='ocrx_word' id='word_1_183' title='bbox 1833 2305 1959 2360; x_wconf 84' lang='lat' dir='ltr'>veri</span> <span class='ocrx_word' id='word_1_184' title='bbox 2000 2303 2363 2359; x_wconf 87' lang='lat' dir='ltr'>simillimum</span> <span class='ocrx_word' id='word_1_185' title='bbox 2401 2302 2619 2374; x_wconf 87' lang='lat' dir='ltr'>fuerit,</span> 
     </span>
     <span class='ocr_line' id='line_1_23' title="bbox 325 2386 2619 2466; baseline 0 -23"><span class='ocrx_word' id='word_1_186' title='bbox 325 2416 340 2435; x_wconf 63' lang='lat' dir='ltr'>x</span> <span class='ocrx_word' id='word_1_187' title='bbox 382 2389 770 2465; x_wconf 88' lang='lat' dir='ltr'>tranquillata</span> <span class='ocrx_word' id='word_1_188' title='bbox 817 2386 1208 2458; x_wconf 88' lang='lat' dir='ltr'>conscientia,-</span> <span class='ocrx_word' id='word_1_189' title='bbox 1268 2394 1403 2463; x_wconf 87' lang='lat' dir='ltr'>post</span> <span class='ocrx_word' id='word_1_190' title='bbox 1446 2404 1640 2462; x_wconf 86' lang='lat' dir='ltr'>preces</span> <span class='ocrx_word' id='word_1_191' title='bbox 1681 2386 1899 2444; x_wconf 84' lang='lat' dir='ltr'>Psalmi</span> <span class='ocrx_word' id='word_1_192' title='bbox 1944 2386 2041 2444; x_wconf 81' lang='lat'>51.</span> <span class='ocrx_word' id='word_1_193' title='bbox 2083 2386 2234 2443; x_wconf 84' lang='lat' dir='ltr'>hanc</span> <span class='ocrx_word' id='word_1_194' title='bbox 2273 2389 2619 2466; x_wconf 77' lang='lat' dir='ltr'>gratiarum</span> 
     </span>
     <span class='ocr_line' id='line_1_24' title="bbox 377 2468 2618 2572; baseline 0 -43"><span class='ocrx_word' id='word_1_195' title='bbox 377 2475 689 2531; x_wconf 88' lang='lat' dir='ltr'>actionem</span> <span class='ocrx_word' id='word_1_196' title='bbox 714 2492 750 2532; x_wconf 90' lang='lat' dir='ltr'>a</span> <span class='ocrx_word' id='word_1_197' title='bbox 796 2468 1022 2528; x_wconf 84' lang='lat' dir='ltr'>Davide</span> <span class='ocrx_word' id='word_1_198' title='bbox 1062 2471 1282 2528; x_wconf 86' lang='lat' dir='ltr'>editam</span> <span class='ocrx_word' id='word_1_199' title='bbox 1327 2488 1488 2543; x_wconf 79' lang='lat' dir='ltr'>esse,</span> <span class='ocrx_word' id='word_1_200' title='bbox 1560 2473 1788 2572; x_wconf 85' lang='lat' dir='ltr'>quando</span> <span class='ocrx_word' id='word_1_201' title='bbox 1846 2483 1977 2549; x_wconf 87' lang='lat' dir='ltr'>post</span> <span class='ocrx_word' id='word_1_202' title='bbox 2023 2482 2268 2529; x_wconf 85' lang='lat' dir='ltr'>mortem</span> <span class='ocrx_word' id='word_1_203' title='bbox 2315 2475 2492 2548; x_wconf 86' lang='lat' dir='ltr'>pueri</span> <span class='ocrx_word' id='word_1_204' title='bbox 2535 2491 2618 2530; x_wconf 80' lang='lat' dir='ltr'>ex</span> 
     </span>
     <span class='ocr_line' id='line_1_25' title="bbox 376 2544 2473 2635; baseline 0.001 -23"><span class='ocrx_word' id='word_1_205' title='bbox 376 2554 671 2616; x_wconf 88' lang='lat' dir='ltr'>Bathseba</span> <span class='ocrx_word' id='word_1_206' title='bbox 699 2557 827 2615; x_wconf 89' lang='lat' dir='ltr'>nati</span> <span class='ocrx_word' id='word_1_207' title='bbox 861 2553 932 2635; x_wconf 85' lang='lat'>(2</span> <span class='ocrx_word' id='word_1_208' title='bbox 948 2555 1107 2613; x_wconf 86' lang='lat' dir='ltr'>Sam.</span> <span class='ocrx_word' id='word_1_209' title='bbox 1138 2555 1240 2627; x_wconf 84' lang='lat'>12,</span> <span class='ocrx_word' id='word_1_210' title='bbox 1269 2544 1400 2634; x_wconf 86' lang='grc'><strong>20.)</strong></span> <span class='ocrx_word' id='word_1_211' title='bbox 1444 2559 1745 2614; x_wconf 87' lang='lat' dir='ltr'>remissum</span> <span class='ocrx_word' id='word_1_212' title='bbox 1778 2558 1893 2615; x_wconf 89' lang='lat' dir='ltr'>sibi</span> <span class='ocrx_word' id='word_1_213' title='bbox 1919 2568 2212 2634; x_wconf 88' lang='lat' dir='ltr'>peccatum</span> <span class='ocrx_word' id='word_1_214' title='bbox 2241 2559 2473 2614; x_wconf 87' lang='lat' dir='ltr'>statuit.</span> 
     </span>
    </p>
   </div>
   <div class='ocr_carea' id='block_1_5' title="bbox 366 2670 2618 3185">
    <p class='ocr_par' dir='ltr' id='par_1_5' title="bbox 366 2670 2618 3153">
     <span class='ocr_line' id='line_1_26' title="bbox 556 2670 2617 2772; baseline 0 -40"><span class='ocrx_word' id='word_1_215' title='bbox 556 2675 608 2732; x_wconf 92' lang='lat' dir='ltr'>l.</span> <span class='ocrx_word' id='word_1_216' title='bbox 670 2671 1005 2772; x_wconf 45' lang='lat' dir='ltr'>nam-&#39;2723</span> <span class='ocrx_word' id='word_1_217' title='bbox 1045 2683 1207 2764; x_wconf 48' lang='grc' dir='ltr'>Ὄζις</span> <span class='ocrx_word' id='word_1_218' title='bbox 1236 2671 1399 2730; x_wconf 79' lang='lat' dir='ltr'>Bene</span> <span class='ocrx_word' id='word_1_219' title='bbox 1427 2691 1689 2751; x_wconf 79' lang='lat' dir='ltr'>precare</span> <span class='ocrx_word' id='word_1_220' title='bbox 1720 2672 1930 2746; x_wconf 71' lang='lat' dir='ltr'>Jeme,</span> <span class='ocrx_word' id='word_1_221' title='bbox 1972 2676 2012 2731; x_wconf 92' lang='lat' dir='ltr'>i.</span> <span class='ocrx_word' id='word_1_222' title='bbox 2038 2693 2094 2730; x_wconf 90' lang='lat' dir='ltr'>e.</span> <span class='ocrx_word' id='word_1_223' title='bbox 2119 2672 2344 2731; x_wconf 84' lang='lat' dir='ltr'>celebra</span> <span class='ocrx_word' id='word_1_224' title='bbox 2375 2670 2617 2732; x_wconf 83' lang='lat' dir='ltr'>Jovam.</span> 
     </span>
     <span class='ocr_line' id='line_1_27' title="bbox 376 2736 2618 2843; baseline 0.001 -29"><span class='ocrx_word' id='word_1_225' title='bbox 376 2755 630 2815; x_wconf 83' lang='lat' dir='ltr'>Verbum</span> <span class='ocrx_word' id='word_1_226' title='bbox 683 2737 831 2843; x_wconf 55' lang='grc' dir='ltr'>,ἸἾΞ</span> <span class='ocrx_word' id='word_1_227' title='bbox 866 2758 919 2813; x_wconf 86' lang='lat' dir='ltr'>si</span> <span class='ocrx_word' id='word_1_228' title='bbox 959 2756 1029 2814; x_wconf 83' lang='lat' dir='ltr'>de</span> <span class='ocrx_word' id='word_1_229' title='bbox 1073 2736 1406 2815; x_wconf 58' lang='lat' dir='ltr'>h&#39;ominibus</span> <span class='ocrx_word' id='word_1_230' title='bbox 1455 2766 1594 2836; x_wconf 75' lang='lat' dir='ltr'>erga</span> <span class='ocrx_word' id='word_1_231' title='bbox 1639 2757 1827 2816; x_wconf 90' lang='lat' dir='ltr'>Deum</span> <span class='ocrx_word' id='word_1_232' title='bbox 1873 2759 2119 2830; x_wconf 86' lang='lat' dir='ltr'>dicitur,</span> <span class='ocrx_word' id='word_1_233' title='bbox 2178 2755 2487 2815; x_wconf 76' lang='lat' dir='ltr'>celebrare</span> <span class='ocrx_word' id='word_1_234' title='bbox 2551 2768 2618 2816; x_wconf 87' lang='lat' dir='ltr'>et</span> 
     </span>
     <span class='ocr_line' id='line_1_28' title="bbox 366 2841 2617 2940; baseline 0.002 -43"><span class='ocrx_word' id='word_1_235' title='bbox 366 2841 626 2907; x_wconf 50' lang='lat' dir='ltr'>,laudare</span> <span class='ocrx_word' id='word_1_236' title='bbox 657 2841 974 2940; x_wconf 64' lang='lat' dir='ltr'>significat,</span> <span class='ocrx_word' id='word_1_237' title='bbox 1006 2851 1177 2916; x_wconf 84' lang='lat' dir='ltr'>atque</span> <span class='ocrx_word' id='word_1_238' title='bbox 1210 2844 1451 2918; x_wconf 78' lang='lat' dir='ltr'>gratias</span> <span class='ocrx_word' id='word_1_239' title='bbox 1484 2861 1522 2897; x_wconf 81' lang='lat' dir='ltr'>a</span> <span class='ocrx_word' id='word_1_240' title='bbox 1521 2860 1696 2918; x_wconf 79' lang='lat' dir='ltr'>gere‚‘</span> <span class='ocrx_word' id='word_1_241' title='bbox 1738 2843 1854 2901; x_wconf 87' lang='lat' dir='ltr'>vid.</span> <span class='ocrx_word' id='word_1_242' title='bbox 1887 2845 1960 2902; x_wconf 88' lang='lat' dir='ltr'>ad</span> <span class='ocrx_word' id='word_1_243' title='bbox 1988 2845 2090 2914; x_wconf 84' lang='lat'>26,</span> <span class='ocrx_word' id='word_1_244' title='bbox 2113 2844 2208 2899; x_wconf 87' lang='grc'>12.</span> <span class='ocrx_word' id='word_1_245' title='bbox 2242 2841 2379 2899; x_wconf 89' lang='lat' dir='ltr'>coll.</span> <span class='ocrx_word' id='word_1_246' title='bbox 2410 2845 2526 2916; x_wconf 88' lang='grc'>21,</span> <span class='ocrx_word' id='word_1_247' title='bbox 2549 2846 2617 2901; x_wconf 83' lang='grc'><strong>4.</strong></span> 
     </span>
     <span class='ocr_line' id='line_1_29' title="bbox 373 2884 2616 3026; baseline 0.001 -44"><span class='ocrx_word' id='word_1_248' title='bbox 373 2924 617 2989; x_wconf 84' lang='lat' dir='ltr'>Nemini</span> <span class='ocrx_word' id='word_1_249' title='bbox 658 2925 816 3016; x_wconf 56' lang='lat' dir='ltr'>attin:</span> <span class='ocrx_word' id='word_1_250' title='bbox 844 2926 909 2980; x_wconf 89' lang='lat' dir='ltr'>in</span> <span class='ocrx_word' id='word_1_251' title='bbox 940 2927 1125 2982; x_wconf 87' lang='lat' dir='ltr'>altero</span> <span class='ocrx_word' id='word_1_252' title='bbox 1158 2884 1560 2983; x_wconf 67' lang='lat' dir='ltr'>hemistichio⁰</span> <span class='ocrx_word' id='word_1_253' title='bbox 1558 2928 1866 3004; x_wconf 84' lang='lat' dir='ltr'>respondet</span> <span class='ocrx_word' id='word_1_254' title='bbox 1903 2938 2061 3026; x_wconf 65' lang='grc' dir='ltr'>ὉἾῙξ</span> <span class='ocrx_word' id='word_1_255' title='bbox 2082 2923 2226 3012; x_wconf 60' lang='grc' dir='ltr'>-ξιῦ</span> <span class='ocrx_word' id='word_1_256' title='bbox 2267 2927 2468 2984; x_wconf 72' lang='lat' dir='ltr'>omnia</span> <span class='ocrx_word' id='word_1_257' title='bbox 2514 2929 2616 2986; x_wconf 74' lang='lat' dir='ltr'>in-</span> 
     </span>
     <span class='ocr_line' id='line_1_30' title="bbox 379 2993 2614 3087; baseline 0.002 -22"><span class='ocrx_word' id='word_1_258' title='bbox 379 3010 615 3066; x_wconf 79' lang='lat' dir='ltr'>teriora</span> <span class='ocrx_word' id='word_1_259' title='bbox 640 3003 787 3080; x_wconf 78' lang='lat' dir='ltr'>mea‘,</span> <span class='ocrx_word' id='word_1_260' title='bbox 816 3011 856 3064; x_wconf 88' lang='lat' dir='ltr'>i.</span> <span class='ocrx_word' id='word_1_261' title='bbox 884 3027 933 3064; x_wconf 89' lang='lat' dir='ltr'>e.</span> <span class='ocrx_word' id='word_1_262' title='bbox 963 3010 1282 3086; x_wconf 88' lang='lat' dir='ltr'>quicquid</span> <span class='ocrx_word' id='word_1_263' title='bbox 1264 3030 1328 3068; x_wconf 88' lang='grc' dir='ltr'>ιιι</span> <span class='ocrx_word' id='word_1_264' title='bbox 1353 3031 1445 3068; x_wconf 89' lang='lat' dir='ltr'>me</span> <span class='ocrx_word' id='word_1_265' title='bbox 1470 3022 1557 3068; x_wconf 88' lang='lat' dir='ltr'>est</span> <span class='ocrx_word' id='word_1_266' title='bbox 1583 3011 1879 3070; x_wconf 85' lang='lat' dir='ltr'>facultatis</span> <span class='ocrx_word' id='word_1_267' title='bbox 1903 3023 1963 3070; x_wconf 87' lang='lat' dir='ltr'>et</span> <span class='ocrx_word' id='word_1_268' title='bbox 1986 3014 2200 3070; x_wconf 84' lang='lat' dir='ltr'>virium</span> <span class='ocrx_word' id='word_1_269' title='bbox 2201 2993 2614 3087; x_wconf 80' lang='lat' dir='ltr'>intimarum,</span> 
     </span>
     <span class='ocr_line' id='line_1_31' title="bbox 376 3093 1814 3185; baseline 0.002 -35"><span class='ocrx_word' id='word_1_270' title='bbox 376 3093 439 3151; x_wconf 88' lang='lat' dir='ltr'>id</span> <span class='ocrx_word' id='word_1_271' title='bbox 472 3095 807 3152; x_wconf 81' lang='lat' dir='ltr'>universum</span> <span class='ocrx_word' id='word_1_272' title='bbox 842 3093 1091 3185; x_wconf 83' lang='lat' dir='ltr'>celebret</span> <span class='ocrx_word' id='word_1_273' title='bbox 1124 3113 1333 3152; x_wconf 90' lang='lat' dir='ltr'>numen</span> <span class='ocrx_word' id='word_1_274' title='bbox 1365 3098 1814 3153; x_wconf 87' lang='lat' dir='ltr'>sanctissimum.</span> 
     </span>
    </p>
   </div>
   <div class='ocr_carea' id='block_1_6' title="bbox 374 3202 2662 3372">
    <p class='ocr_par' dir='ltr' id='par_1_6' title="bbox 374 3202 2617 3372">
     <span class='ocr_line' id='line_1_32' title="bbox 546 3202 2617 3288; baseline 0.003 -23"><span class='ocrx_word' id='word_1_275' title='bbox 546 3209 606 3267; x_wconf 90' lang='grc'>2.</span> <span class='ocrx_word' id='word_1_276' title='bbox 694 3202 898 3272; x_wconf 42' lang='lat' dir='ltr'>*bazaz</span> <span class='ocrx_word' id='word_1_277' title='bbox 946 3208 1402 3269; x_wconf 80' lang='lat' dir='ltr'>Retributiones</span> <span class='ocrx_word' id='word_1_278' title='bbox 1456 3209 1587 3282; x_wconf 79' lang='lat' dir='ltr'>ejus</span> <span class='ocrx_word' id='word_1_279' title='bbox 1640 3209 1700 3270; x_wconf 87' lang='lat' dir='ltr'>h.</span> <span class='ocrx_word' id='word_1_280' title='bbox 1741 3215 1782 3269; x_wconf 85' lang='lat' dir='ltr'>l.</span> <span class='ocrx_word' id='word_1_281' title='bbox 1834 3229 1939 3286; x_wconf 85' lang='lat' dir='ltr'>pro</span> <span class='ocrx_word' id='word_1_282' title='bbox 1981 3209 2391 3271; x_wconf 74' lang='lat' dir='ltr'>collationibus</span> <span class='ocrx_word' id='word_1_283' title='bbox 2437 3229 2617 3288; x_wconf 66' lang='lat' dir='ltr'>ejus,</span> 
     </span>
     <span class='ocr_line' id='line_1_33' title="bbox 374 3274 2662 3372; baseline 0.003 -21"><span class='ocrx_word' id='word_1_284' title='bbox 374 3294 415 3351; x_wconf 88' lang='lat' dir='ltr'>i.</span> <span class='ocrx_word' id='word_1_285' title='bbox 444 3313 493 3350; x_wconf 90' lang='lat' dir='ltr'>e.</span> <span class='ocrx_word' id='word_1_286' title='bbox 521 3274 838 3367; x_wconf 70' lang='lat' dir='ltr'>beneficiis,</span> <span class='ocrx_word' id='word_1_287' title='bbox 885 3313 1030 3372; x_wconf 87' lang='lat' dir='ltr'>quae</span> <span class='ocrx_word' id='word_1_288' title='bbox 1062 3298 1310 3356; x_wconf 88' lang='lat' dir='ltr'>contulit</span> <span class='ocrx_word' id='word_1_289' title='bbox 1348 3305 1407 3353; x_wconf 90' lang='lat' dir='ltr'>et</span> <span class='ocrx_word' id='word_1_290' title='bbox 1442 3291 1684 3370; x_wconf 80' lang='lat' dir='ltr'>confert,</span> <span class='ocrx_word' id='word_1_291' title='bbox 1727 3309 1795 3356; x_wconf 87' lang='lat' dir='ltr'>ut</span> <span class='ocrx_word' id='word_1_292' title='bbox 1830 3300 2090 3371; x_wconf 86' lang='grc'><strong>116,12.</strong></span> <span class='ocrx_word' id='word_1_293' title='bbox 2126 3295 2322 3355; x_wconf 81' lang='lat' dir='ltr'>2Chr.</span> <span class='ocrx_word' id='word_1_294' title='bbox 2349 3297 2460 3370; x_wconf 86' lang='lat'>32,</span> <span class='ocrx_word' id='word_1_295' title='bbox 2494 3299 2662 3357; x_wconf 81' lang='grc'><strong>25.</strong></span> 
     </span>
    </p>
   </div>
   <div class='ocr_carea' id='block_1_7' title="bbox 298 3408 2614 4420">
    <p class='ocr_par' dir='ltr' id='par_1_7' title="bbox 298 3408 2614 4420">
     <span class='ocr_line' id='line_1_34' title="bbox 547 3408 2614 3494; baseline 0.003 -27"><span class='ocrx_word' id='word_1_296' title='bbox 547 3411 605 3467; x_wconf 86' lang='grc'><strong>3.</strong></span> <span class='ocrx_word' id='word_1_297' title='bbox 692 3408 913 3469; x_wconf 85' lang='lat' dir='ltr'>Suffixa</span> <span class='ocrx_word' id='word_1_298' title='bbox 944 3412 1225 3469; x_wconf 88' lang='lat' dir='ltr'>feminina</span> <span class='ocrx_word' id='word_1_299' title='bbox 1255 3413 1329 3471; x_wconf 88' lang='lat' dir='ltr'>ad</span> <span class='ocrx_word' id='word_1_300' title='bbox 1354 3415 1594 3470; x_wconf 89' lang='lat' dir='ltr'>nomina</span> <span class='ocrx_word' id='word_1_301' title='bbox 1635 3421 1732 3476; x_wconf 53' lang='grc' dir='ltr'>ον.</span> <span class='ocrx_word' id='word_1_302' title='bbox 1739 3416 1805 3473; x_wconf 68' lang='lat' dir='ltr'>‘w</span> <span class='ocrx_word' id='word_1_303' title='bbox 1847 3416 1924 3471; x_wconf 89' lang='lat' dir='ltr'>et</span> <span class='ocrx_word' id='word_1_304' title='bbox 1947 3409 2229 3494; x_wconf 55' lang='lat' dir='ltr'>nffmnrjq</span> <span class='ocrx_word' id='word_1_305' title='bbox 2270 3413 2343 3471; x_wconf 87' lang='lat' dir='ltr'>ad</span> <span class='ocrx_word' id='word_1_306' title='bbox 2377 3431 2614 3474; x_wconf 83' lang='lat' dir='ltr'>nomen</span> 
     </span>
     <span class='ocr_line' id='line_1_35' title="bbox 375 3480 2611 3583; baseline 0.001 -28"><span class='ocrx_word' id='word_1_307' title='bbox 375 3493 505 3583; x_wconf 60' lang='lat'>2503</span> <span class='ocrx_word' id='word_1_308' title='bbox 531 3493 638 3553; x_wconf 82' lang='lat' dir='ltr'>vs.</span> <span class='ocrx_word' id='word_1_309' title='bbox 663 3495 721 3551; x_wconf 91' lang='grc'><strong>2.</strong></span> <span class='ocrx_word' id='word_1_310' title='bbox 758 3495 1057 3554; x_wconf 86' lang='lat' dir='ltr'>referenda</span> <span class='ocrx_word' id='word_1_311' title='bbox 1097 3507 1254 3555; x_wconf 89' lang='lat' dir='ltr'>sunt.</span> <span class='ocrx_word' id='word_1_312' title='bbox 1338 3498 1455 3557; x_wconf 89' lang='lat' dir='ltr'>Pro</span> <span class='ocrx_word' id='word_1_313' title='bbox 1499 3508 1543 3582; x_wconf 69' lang='grc' dir='ltr'>ῖς</span> <span class='ocrx_word' id='word_1_314' title='bbox 1585 3482 1839 3575; x_wconf 78' lang='lat' dir='ltr'>positum</span> <span class='ocrx_word' id='word_1_315' title='bbox 1871 3510 1960 3556; x_wconf 87' lang='lat' dir='ltr'>est</span> <span class='ocrx_word' id='word_1_316' title='bbox 1992 3480 2332 3573; x_wconf 71' lang='grc' dir='ltr'>εγΙΙιιῙίὶοιιιιι</span> <span class='ocrx_word' id='word_1_317' title='bbox 2365 3507 2481 3581; x_wconf 57' lang='grc' dir='ltr'>Ἣ,</span> <span class='ocrx_word' id='word_1_318' title='bbox 2532 3512 2611 3558; x_wconf 87' lang='lat' dir='ltr'>ut</span> 
     </span>
     <span class='ocr_line' id='line_1_36' title="bbox 375 3561 2607 3663; baseline 0.004 -28"><span class='ocrx_word' id='word_1_319' title='bbox 375 3561 476 3636; x_wconf 88' lang='lat' dir='ltr'>Vs</span> <span class='ocrx_word' id='word_1_320' title='bbox 506 3598 625 3655; x_wconf 86' lang='lat' dir='ltr'>seq.</span> <span class='ocrx_word' id='word_1_321' title='bbox 640 3619 659 3651; x_wconf 88' lang='lat'>‚</span> <span class='ocrx_word' id='word_1_322' title='bbox 712 3580 968 3652; x_wconf 83' lang='lat'><strong>116,19.</strong></span> <span class='ocrx_word' id='word_1_323' title='bbox 1007 3580 1159 3653; x_wconf 83' lang='grc'><strong>136,</strong></span> <span class='ocrx_word' id='word_1_324' title='bbox 1189 3584 1247 3640; x_wconf 87' lang='grc'>9.</span> <span class='ocrx_word' id='word_1_325' title='bbox 1330 3579 1503 3652; x_wconf 79' lang='lat' dir='ltr'>Quod</span> <span class='ocrx_word' id='word_1_326' title='bbox 1535 3583 1854 3659; x_wconf 70' lang='lat' dir='ltr'>participio</span> <span class='ocrx_word' id='word_1_327' title='bbox 1895 3579 2022 3663; x_wconf 64' lang='grc' dir='ltr'>Πξὸ</span> <span class='ocrx_word' id='word_1_328' title='bbox 2056 3584 2444 3659; x_wconf 83' lang='lat' dir='ltr'>praepositum</span> <span class='ocrx_word' id='word_1_329' title='bbox 2481 3595 2607 3658; x_wconf 84' lang='lat' dir='ltr'>est,</span> 
     </span>
     <span class='ocr_line' id='line_1_37' title="bbox 375 3621 2603 3745; baseline 0.003 -22"><span class='ocrx_word' id='word_1_330' title='bbox 375 3674 425 3723; x_wconf 74' lang='grc' dir='ltr'>ιἾ</span> <span class='ocrx_word' id='word_1_331' title='bbox 475 3621 1026 3739; x_wconf 78' lang='lat' dir='ltr'>demonstrativum,</span> <span class='ocrx_word' id='word_1_332' title='bbox 1097 3666 1244 3723; x_wconf 78' lang='lat' dir='ltr'><strong>h.1.</strong></span> <span class='ocrx_word' id='word_1_333' title='bbox 1292 3688 1393 3744; x_wconf 86' lang='lat' dir='ltr'>per</span> <span class='ocrx_word' id='word_1_334' title='bbox 1440 3668 1674 3743; x_wconf 79' lang='lat' dir='ltr'>ellipsin</span> <span class='ocrx_word' id='word_1_335' title='bbox 1720 3670 2079 3745; x_wconf 74' lang='lat' dir='ltr'>pronominis</span> <span class='ocrx_word' id='word_1_336' title='bbox 2123 3668 2351 3724; x_wconf 86' lang='lat' dir='ltr'>relativi</span> <span class='ocrx_word' id='word_1_337' title='bbox 2397 3675 2603 3742; x_wconf 61' lang='grc' dir='ltr'>ἿὩΝ,</span> 
     </span>
     <span class='ocr_line' id='line_1_38' title="bbox 368 3749 2602 3852; baseline 0.003 -48"><span class='ocrx_word' id='word_1_338' title='bbox 368 3765 537 3804; x_wconf 82' lang='lat' dir='ltr'>usum</span> <span class='ocrx_word' id='word_1_339' title='bbox 568 3749 775 3824; x_wconf 87' lang='lat' dir='ltr'>recipit</span> <span class='ocrx_word' id='word_1_340' title='bbox 803 3752 1130 3821; x_wconf 82' lang='lat' dir='ltr'>relativum,</span> <span class='ocrx_word' id='word_1_341' title='bbox 1174 3760 1240 3808; x_wconf 90' lang='lat' dir='ltr'>ut</span> <span class='ocrx_word' id='word_1_342' title='bbox 1257 3751 1370 3810; x_wconf 83' lang='lat' dir='ltr'>Vs.</span> <span class='ocrx_word' id='word_1_343' title='bbox 1402 3771 1520 3828; x_wconf 88' lang='lat' dir='ltr'>seq.</span> <span class='ocrx_word' id='word_1_344' title='bbox 1559 3763 1912 3852; x_wconf 46' lang='grc' dir='ltr'>’.ξπ-Βινξιζι,</span> <span class='ocrx_word' id='word_1_345' title='bbox 1951 3772 2055 3810; x_wconf 89' lang='lat' dir='ltr'>nee</span> <span class='ocrx_word' id='word_1_346' title='bbox 2084 3770 2202 3808; x_wconf 88' lang='lat' dir='ltr'>non</span> <span class='ocrx_word' id='word_1_347' title='bbox 2230 3750 2404 3809; x_wconf 91' lang='lat' dir='ltr'>Deut.</span> <span class='ocrx_word' id='word_1_348' title='bbox 2427 3752 2501 3824; x_wconf 90' lang='grc'><strong>6,</strong></span> <span class='ocrx_word' id='word_1_349' title='bbox 2533 3755 2602 3810; x_wconf 88' lang='lat'>8.</span> 
     </span>
     <span class='ocr_line' id='line_1_39' title="bbox 367 3820 2601 3916; baseline 0.004 -30"><span class='ocrx_word' id='word_1_350' title='bbox 367 3829 464 3887; x_wconf 87' lang='lat' dir='ltr'>Ps.</span> <span class='ocrx_word' id='word_1_351' title='bbox 497 3833 602 3905; x_wconf 88' lang='grc'>49,</span> <span class='ocrx_word' id='word_1_352' title='bbox 634 3834 700 3889; x_wconf 90' lang='grc'><strong>7.</strong></span> <span class='ocrx_word' id='word_1_353' title='bbox 750 3834 863 3904; x_wconf 90' lang='grc'>66,</span> <span class='ocrx_word' id='word_1_354' title='bbox 898 3835 957 3893; x_wconf 90' lang='grc'>9.</span> <span class='ocrx_word' id='word_1_355' title='bbox 1016 3833 1531 3895; x_wconf 78' lang='lat' dir='ltr'>Transfercndum</span> <span class='ocrx_word' id='word_1_356' title='bbox 1586 3820 1803 3916; x_wconf 84' lang='lat' dir='ltr'>igitur:</span> <span class='ocrx_word' id='word_1_357' title='bbox 1868 3838 1971 3914; x_wconf 81' lang='lat' dir='ltr'>qui</span> <span class='ocrx_word' id='word_1_358' title='bbox 2031 3835 2325 3893; x_wconf 77' lang='lat' dir='ltr'>condonat</span> <span class='ocrx_word' id='word_1_359' title='bbox 2384 3851 2601 3895; x_wconf 74' lang='lat' dir='ltr'>omncs</span> 
     </span>
     <span class='ocr_line' id='line_1_40' title="bbox 368 3914 2596 3999; baseline 0.005 -30"><span class='ocrx_word' id='word_1_360' title='bbox 368 3914 727 3993; x_wconf 76' lang='lat' dir='ltr'>iniquitates</span> <span class='ocrx_word' id='word_1_361' title='bbox 777 3925 950 3990; x_wconf 77' lang='lat' dir='ltr'>tuas,</span> <span class='ocrx_word' id='word_1_362' title='bbox 1012 3920 1098 3975; x_wconf 89' lang='lat' dir='ltr'>ita</span> <span class='ocrx_word' id='word_1_363' title='bbox 1141 3930 1208 3977; x_wconf 89' lang='lat' dir='ltr'>ut</span> <span class='ocrx_word' id='word_1_364' title='bbox 1252 3923 1414 3978; x_wconf 86' lang='lat' dir='ltr'>nulla</span> <span class='ocrx_word' id='word_1_365' title='bbox 1461 3939 1699 3997; x_wconf 87' lang='lat' dir='ltr'>prorsus</span> <span class='ocrx_word' id='word_1_366' title='bbox 1742 3921 2030 3999; x_wconf 88' lang='lat' dir='ltr'>punienda</span> <span class='ocrx_word' id='word_1_367' title='bbox 2072 3927 2417 3978; x_wconf 81' lang='lat' dir='ltr'>reservetut.</span> <span class='ocrx_word' id='word_1_368' title='bbox 2479 3919 2596 3980; x_wconf 79' lang='lat' dir='ltr'>cf.</span> 
     </span>
     <span class='ocr_line' id='line_1_41' title="bbox 298 3998 2597 4094; baseline 0.005 -42"><span class='ocrx_word' id='word_1_369' title='bbox 298 4006 303 4011; x_wconf 86' lang='lat'><em>&#39;</em></span> <span class='ocrx_word' id='word_1_370' title='bbox 366 3998 540 4068; x_wconf 86' lang='grc'><strong>32,1</strong></span> <span class='ocrx_word' id='word_1_371' title='bbox 572 4001 722 4058; x_wconf 86' lang='lat'>—5.</span> <span class='ocrx_word' id='word_1_372' title='bbox 796 4001 1073 4084; x_wconf 84' lang='lat' dir='ltr'>Nomine</span> <span class='ocrx_word' id='word_1_373' title='bbox 1107 4002 1425 4094; x_wconf 57' lang='grc' dir='ltr'>ὉἾΜΒΠτ]</span> <span class='ocrx_word' id='word_1_374' title='bbox 1469 4000 1866 4077; x_wconf 68' lang='lat' dir='ltr'>infirmitates</span> <span class='ocrx_word' id='word_1_375' title='bbox 1914 4014 2085 4076; x_wconf 80' lang='lat' dir='ltr'>tuas,</span> <span class='ocrx_word' id='word_1_376' title='bbox 2149 4007 2348 4087; x_wconf 83' lang='lat' dir='ltr'>plures</span> <span class='ocrx_word' id='word_1_377' title='bbox 2389 4005 2597 4063; x_wconf 82' lang='lat' dir='ltr'>inter-</span> 
     </span>
     <span class='ocr_line' id='line_1_42' title="bbox 364 4075 2589 4169; baseline 0.004 -34"><span class='ocrx_word' id='word_1_378' title='bbox 364 4090 553 4153; x_wconf 90' lang='lat' dir='ltr'>pretes</span> <span class='ocrx_word' id='word_1_379' title='bbox 596 4101 718 4142; x_wconf 89' lang='lat' dir='ltr'>non</span> <span class='ocrx_word' id='word_1_380' title='bbox 762 4075 879 4141; x_wconf 81' lang='lat' dir='ltr'>tam</span> <span class='ocrx_word' id='word_1_381' title='bbox 927 4104 1225 4160; x_wconf 82' lang='lat' dir='ltr'>corpeus,</span> <span class='ocrx_word' id='word_1_382' title='bbox 1285 4108 1458 4166; x_wconf 86' lang='lat' dir='ltr'>quam</span> <span class='ocrx_word' id='word_1_383' title='bbox 1504 4091 1686 4144; x_wconf 85' lang='lat' dir='ltr'>animi</span> <span class='ocrx_word' id='word_1_384' title='bbox 1721 4091 2121 4169; x_wconf 74' lang='lat' dir='ltr'>aegritudines</span> <span class='ocrx_word' id='word_1_385' title='bbox 2149 4078 2589 4166; x_wconf 80' lang='lat' dir='ltr'>intelligendas</span> 
     </span>
     <span class='ocr_line' id='line_1_43' title="bbox 362 4168 2587 4267; baseline 0.002 -41"><span class='ocrx_word' id='word_1_386' title='bbox 362 4176 620 4239; x_wconf 78' lang='lat' dir='ltr'>censent,</span> <span class='ocrx_word' id='word_1_387' title='bbox 660 4178 912 4267; x_wconf 87' lang='lat' dir='ltr'>propter</span> <span class='ocrx_word' id='word_1_388' title='bbox 922 4168 1189 4228; x_wconf 82' lang='lat' dir='ltr'>suffixum</span> <span class='ocrx_word' id='word_1_389' title='bbox 1223 4174 1296 4231; x_wconf 90' lang='lat' dir='ltr'>ad</span> <span class='ocrx_word' id='word_1_390' title='bbox 1332 4174 1462 4261; x_wconf 61' lang='lat'>21553</span> <span class='ocrx_word' id='word_1_391' title='bbox 1499 4172 1894 4241; x_wconf 79' lang='lat' dir='ltr'>referendum3</span> <span class='ocrx_word' id='word_1_392' title='bbox 1937 4183 1994 4228; x_wconf 87' lang='lat' dir='ltr'>et</span> <span class='ocrx_word' id='word_1_393' title='bbox 2024 4171 2133 4228; x_wconf 87' lang='lat' dir='ltr'>hoc</span> <span class='ocrx_word' id='word_1_394' title='bbox 2160 4171 2330 4227; x_wconf 88' lang='lat' dir='ltr'>modo</span> <span class='ocrx_word' id='word_1_395' title='bbox 2358 4189 2587 4230; x_wconf 84' lang='lat' dir='ltr'>nomeu</span> 
     </span>
     <span class='ocr_line' id='line_1_44' title="bbox 360 4243 2584 4335; baseline 0.006 -35"><span class='ocrx_word' id='word_1_396' title='bbox 360 4245 509 4303; x_wconf 86' lang='lat' dir='ltr'>illud</span> <span class='ocrx_word' id='word_1_397' title='bbox 563 4253 678 4307; x_wconf 88' lang='lat' dir='ltr'>erit</span> <span class='ocrx_word' id='word_1_398' title='bbox 733 4243 1086 4333; x_wconf 70' lang='grc' dir='ltr'>ἐπεξήγησις</span> <span class='ocrx_word' id='word_1_399' title='bbox 1135 4265 1431 4334; x_wconf 80' lang='lat' dir='ltr'>peccator</span> <span class='ocrx_word' id='word_1_400' title='bbox 1433 4277 1528 4314; x_wconf 81' lang='lat' dir='ltr'>um</span> <span class='ocrx_word' id='word_1_401' title='bbox 1582 4259 1643 4313; x_wconf 85' lang='lat' dir='ltr'>in</span> <span class='ocrx_word' id='word_1_402' title='bbox 1688 4262 1883 4335; x_wconf 89' lang='lat' dir='ltr'>priore</span> <span class='ocrx_word' id='word_1_403' title='bbox 1928 4254 2311 4314; x_wconf 73' lang='lat' dir='ltr'>hemistichio-</span> <span class='ocrx_word' id='word_1_404' title='bbox 2395 4254 2584 4314; x_wconf 79' lang='lat' dir='ltr'>Haud</span> 
     </span>
     <span class='ocr_line' id='line_1_45' title="bbox 359 4331 2582 4420; baseline 0.006 -36"><span class='ocrx_word' id='word_1_405' title='bbox 359 4331 480 4387; x_wconf 85' lang='lat' dir='ltr'>scio</span> <span class='ocrx_word' id='word_1_406' title='bbox 522 4342 747 4409; x_wconf 86' lang='lat' dir='ltr'>tamen,</span> <span class='ocrx_word' id='word_1_407' title='bbox 803 4355 880 4395; x_wconf 88' lang='lat' dir='ltr'>an</span> <span class='ocrx_word' id='word_1_408' title='bbox 911 4344 1153 4417; x_wconf 79' lang='lat' dir='ltr'>sequens</span> <span class='ocrx_word' id='word_1_409' title='bbox 1181 4340 1394 4402; x_wconf 84' lang='lat' dir='ltr'>Versus</span> <span class='ocrx_word' id='word_1_410' title='bbox 1430 4342 1730 4418; x_wconf 83' lang='lat' dir='ltr'>ostendat,</span> <span class='ocrx_word' id='word_1_411' title='bbox 1779 4344 1851 4402; x_wconf 90' lang='lat' dir='ltr'>de</span> <span class='ocrx_word' id='word_1_412' title='bbox 1882 4342 2144 4420; x_wconf 79' lang='lat' dir='ltr'>eorporis</span> <span class='ocrx_word' id='word_1_413' title='bbox 2170 4340 2368 4417; x_wconf 76' lang='lat' dir='ltr'>potius</span> <span class='ocrx_word' id='word_1_414' title='bbox 2397 4356 2582 4415; x_wconf 74' lang='lat' dir='ltr'>quam</span> 
     </span>
    </p>
   </div>
  </div>
 </body>
</html>
