2807 4913
842 294 967 362 Pe.
1006 291 1169 381 106,
1211 292 1331 357 48.
1437 297 1562 365 Po.
1602 314 1768 385 ¹07·
2267 292 2422 363 569
2498 367 2503 376 ,

203 475 392 539 lchr.
424 467 658 549 16‚'36.
696 477 767 536 in
801 493 873 538 eo
911 474 1182 549 Psalmo,
1237 474 1409 556 quem
1443 475 1546 558 per
1582 474 1876 553 Anphum
1915 474 2173 536 Davides
2212 475 2422 539 fecisse
2511 485 2515 489 *

198 564 417 623 dieitur
459 562 677 621 Zionio
717 579 893 621 novo.
974 561 1112 622 *Sed
1155 559 1389 621 videtur
1431 564 1490 621 ei
1533 563 1817 635 carmini,
1877 562 2030 637 quod
2076 566 2140 619 in
2191 561 2421 626 Parali-

198 644 506 723 pomeno'in
546 647 698 705 libro
739 654 968 720 exstat,
1029 645 1143 706 hoe
1182 646 1640 707 additamentum
1678 666 1754 705 ex
1795 656 1999 704 nostro
2043 646 2274 738 Psalmo
2313 647 2421 705 ad-

197 743 393 791 sutum
436 749 578 789 esse.

371 853 472 909 48.
558 849 690 910 vid.
734 847 806 907 ad
847 850 953 922 41,
991 849 1091 905 14.

1154 1037 1264 1096 Ps.
1329 1039 1471 1098 107.

369 1154 501 1215 Hoc
531 1154 762 1213 Psalmo
795 1154 1049 1231 quinque
1076 1156 1322 1228 produci
1350 1158 1562 1230 classes
1592 1157 1849 1227 illorum,
1891 1155 1992 1229 qui
2026 1174 2100 1213 ex
2128 1157 2421 1235 angustiis

202 1252 263 1300 et
288 1241 561 1318 periculis
590 1240 822 1297 liberati
848 1239 923 1297 ad
956 1242 1178 1316 gratias
1206 1237 1335 1298 Deo
1366 1243 1622 1319 agendas
1657 1240 1916 1298 devincti
1948 1241 2091 1312 sint,
2131 1250 2190 1298 et
2217 1242 2421 1319 primo

203 1328 463 1405 quidem,
497 1325 619 1403 qui,
660 1334 965 1401 postquam
999 1325 1230 1383 sedibus
1265 1327 1387 1383 suis
1421 1327 1650 1402 expulsi
1679 1341 1959 1382 summam
1991 1325 2106 1382 cibi
2134 1333 2424 1404 potusque

202 1412 508 1490 penuriam
565 1410 722 1485 passi
773 1418 1002 1482 essent,
1062 1411 1323 1493 restituti
1370 1412 1494 1468 sint
1539 1428 1576 1467 a
1623 1408 1753 1467 Deo
1799 1410 1863 1466 in
1905 1427 2030 1465 rem
2072 1407 2426 1468 familiarem

204 1495 334 1575 (Vs.
361 1496 404 1552 2
426 1527 491 1538 --
516 1494 640 1568 9.);
684 1493 962 1564 secundo,
1005 1497 1106 1569 qui
1137 1514 1212 1552 ex
1236 1513 1469 1554 carcere
1499 1506 1558 1553 et
1592 1494 1839 1554 vinculis
1871 1493 1934 1548 in
1966 1492 2298 1550 libertatem
2329 1513 2425 1552 as-

206 1582 359 1638 serti
387 1580 496 1654 (10
515 1609 594 1628 --
618 1575 763 1652 16.)‚
796 1579 1007 1650 tertio,
1039 1580 1139 1655 qui
1166 1598 1240 1637 ex
1266 1579 1468 1637 morbo
1496 1582 1769 1659 graviore
1798 1577 2028 1634 liberati
2056 1577 2255 1654 (17-
2272 1579 2426 1653 22.),

206 1673 451 1743 quarto,
489 1665 590 1738 qui
620 1682 694 1720 ex
725 1664 963 1721 immani
990 1665 1242 1741 procella
1273 1666 1421 1722 salvi
1447 1665 1510 1722 in
1540 1675 1769 1741 portum
1797 1661 2027 1719 deducti
2053 1660 2427 1737 (23—32.)‚

209 1751 417 1826 quibus
447 1747 694 1823 denique
732 1747 1108 1826 subjungitur
1134 1751 1332 1828 imago
1365 1759 1590 1823 terrae,
1632 1766 1813 1825 quae,
1860 1755 2168 1823 postquam
2193 1756 2429 1806 vastata

206 1836 439 1910 penitus
472 1833 796 1907 incolisque
824 1832 1029 1891 orbata
1053 1843 1239 1904 esset,
1281 1836 1566 1910 receperit
1598 1852 1753 1896 nunc
1785 1833 2021 1889 colonos
2051 1850 2210 1905 suos,
2255 1842 2430 1908 atque

210 1918 284 1976 ad
321 1918 635 1993 pristinam
669 1916 959 1974 culturam
992 1917 1426 1996 ubertatemque
1453 1920 1729 1991 redierit,
1780 1915 2150 1975 manifestum
2187 1926 2307 1988 est,
2365 1924 2429 1973 et

209 2002 470 2076 pluribus
517 1999 856 2075 jamdudum
903 2003 1316 2078 interpretibus
1369 2004 1761 2063 observatum.
1862 2001 2236 2080 singularem
2288 2020 2431 2060 vero

209 2088 464 2163 partium
534 2088 768 2143 illarum
838 2087 1127 2145 rationem
1194 2096 1255 2145 et
1323 2088 1767 2162 dispositionem
1839 2086 2061 2161 primus
2127 2088 2428 2162 perspexit

174 2241 175 2244 Ἴ
211 2171 667 2229 Sensununaus
710 2169 805 2248 (in
831 2169 1171 2228 Dissertatt.
1214 2191 1267 2246 p.
1299 2173 1445 2228 480.
1475 2166 1665 2247 sqq.),
1707 2172 1808 2247 qui
1841 2171 2141 2244 praeclare
2173 2172 2432 2243 monuit,

212 2275 357 2332 quae
390 2257 608 2331 primae
637 2254 912 2330 strophae
945 2257 1374 2329 praemittitur,
1428 2252 1736 2314 formulam
1773 2242 1880 2317 ‘727
1927 2257 2128 2330 2572&
2173 2254 2319 2331 (vid.
2356 2255 2434 2312 ad

210 2339 310 2397 Vs.
343 2338 430 2417 2.)
468 2341 645 2396 etiam
677 2340 750 2395 ad
778 2350 896 2395 tres
931 2340 1184 2413 reliquas
1212 2358 1392 2416 aeque
1419 2342 1729 2415 pertinere,
1768 2347 1941 2417 atque
1970 2332 2051 2394 ad‘
2079 2336 2177 2395 Vs.
2207 2341 2303 2395 10.
2333 2341 2430 2398 17.

212 2434 272 2483 et
315 2426 419 2485 23.
471 2442 595 2481 esse
644 2422 1037 2498 repetendam.
1121 2423 1441 2497 ,‚Etcnim‚
1499 2443 1646 2502 quae
1692 2426 1935 2500 primam
1979 2421 2433 2499 subsequuntur,

211 2508 517 2585 strophae,
561 2508 635 2564 ad
663 2510 784 2579 ejus
813 2506 1141 2581 exemplum
1162 2512 1249 2566 ita
1280 2522 1420 2568 sunt
1448 2511 1679 2585 penitus
1711 2508 2140 2581 conformatae,
2192 2517 2258 2564 ut
2293 2527 2435 2584 par-

211 2595 369 2651 tibus
402 2594 524 2650 suis
557 2593 806 2671 singulis
838 2590 1141 2650 manifesto
1170 2595 1260 2651 illi
1284 2593 1688 2669 respondeant.
1757 2594 1951 2651 Primo
1987 2602 2210 2649 certum
2243 2612 2428 2671 genus

212 2676 514 2735 hominum
570 2677 952 2750 producitur,
1021 2677 1225 2736 deinde
1281 2680 1595 2754 exponitur
1647 2678 2008 2736 calamitatis
2062 2678 2430 2756 magnitudo,

214 2763 478 2839 sequitur
515 2762 724 2817 auxilii
758 2760 966 2832 divini,
1008 2764 1242 2838 ejusque
1273 2763 1537 2840 precibus
1570 2758 1894 2843 efflagitati,
1938 2763 2429 2834 commemoratio,

217 2857 276 2903 et
310 2847 383 2904 ad
410 2847 636 2923 gratias
663 2844 789 2901 Deo
821 2848 1171 2925 peragendes
1205 2846 1537 2905 exhortatio
1567 2848 1956 2927 subjungitur.
2012 2844 2224 2923 Igitur,
2254 2865 2430 2921 quum

209 2933 386 3011 plane
424 2926 619 2986 eade'm
663 2932 935 3004 appareat
975 2930 1341 3007 stropharum
1383 2933 1642 2989 omnium
1679 2932 1855 2990 facies
1887 2941 1944 2986 et
1974 2929 2192 3003 forma,
2252 2931 2428 2986 intel-

214 3016 455 3093 ligitur,
516 3013 669 3091 quod
712 3015 997 3089 praecedit
1026 3018 1264 3074 verbum
1306 3018 1504 3077 7573&
1548 3037 1670 3075 non
1709 3020 1815 3074 uni
1845 3016 2075 3091 primae
2107 3017 2334 3090 privum
2374 3025 2433 3071 ct

215 3102 539 3176 peculiare,
609 3097 709 3155 sed
752 3100 991 3175 reliquis
1040 3103 1216 3158 etiam
1267 3121 1569 3160 commune
1617 3122 1739 3159 esse
1786 3099 2044 3180 debere.-
2100 3098 2432 3172 Praeterea,

216 3186 333 3241 nisi
362 3193 660 3259 repetatur
690 3181 938 3240 formula
970 3183 1128 3257 haec,
1160 3176 1429 3259 >⁴verbum,
1462 3207 1575 3263 quo
1608 3187 1902 3243 commode
1930 3183 2276 3255 referantur,
2312 3201 2434 3240 non

215 3267 430 3325 habent
469 3270 705 3324 nomina
748 3275 895 3355 ἾΨΠ
934 3270 1086 3330 '³:27³
1134 3269 1230 3328 Vs.
1265 3274 1377 3343 10„
1428 3269 1609 3335 0³57&
1655 3268 1753 3327 Vs.
1783 3270 1926 3326 17.“
2011 3272 2432 3345 Argumentum

219 3354 494 3410 carminis
535 3355 687 3429 quod
720 3356 948 3425 attinet,
991 3357 1247 3430 plerique
1275 3366 1565 3428 statuunt,
1596 3358 1894 3415 continere
1922 3355 2065 3409 illud
2103 3356 2432 3429 generalem

219 3437 769 3513 commendationem
825 3439 1225 3513 providentiae
1278 3450 1450 3514 atque
1493 3441 1875 3518 benignitatis
1931 3439 2198 3508 divinae,
2263 3455 2437 3511 quam

222 3533 409 3595 poeta«
425 3523 698 3596 exemplis
732 3523 1071 3597 quibusdam
1101 3524 1475 3597 demonstret,
1506 3524 1818 3600 exquibus
1846 3524 2162 3601 singularis
2196 3523 2296 3578 illa
2323 3521 2437 3578 Dei

176 3672 180 3676 ,
220 3606 590 3685 benignitas,
647 3610 906 3681 potentia
954 3615 1014 3663 et
1057 3610 1343 3683 sapientia
1388 3611 1452 3665 in
1493 3609 1914 3686 gubernatione
1961 3607 2127 3679 hujus
2175 3607 2436 3663 universi

224 3691 503 3769 cognosci
547 3693 746 3765 possit.
830 3690 1147 3748 Verissime
1185 3704 1379 3749 tamen
1424 3694 1755 3752 observavit
1796 3690 2227 3761 Schnurrerus,
2283 3689 2440 3745 hunc

223 3777 412 3831 locum
451 3776 500 3830 si
533 3783 784 3831 tractare
816 3776 879 3830 in
913 3778 1108 3833 animo
1145 3777 1443 3834 habuisset
1478 3789 1680 3852 poeta,
1743 3788 1807 3833 ut
1842 3776 2141 3851 providam
2167 3775 2442 3832 Numinis

228 3876 445 3931 euram,
483 3875 629 3934 quae
659 3866 855 3917 omnes
888 3863 1076 3916 omnis
1112 3862 1341 3940 generis
1370 3862 1631 3920 homines
1661 3863 2099 3936 complectatur,
2129 3859 2445 3915 celebraret

231 3945 802 4023 commendaretque,
875 3947 1062 4002 multo
1108 3946 1285 4003 aliter
1338 3965 1566 4004 scenam
1614 3950 2072 4014 instructurum,
2145 3952 2316 4016 atque
2368 3961 2444 3999 ex

232 4026 494 4097 infinita,
548 4047 695 4102 quae
746 4038 976 4102 praesto
1027 4040 1190 4102 erat,
1249 4033 1625 4107 multitudine
1671 4032 2065 4104 exemplorum
2108 4029 2275 4103 copia
2322 4026 2444 4083 alia

230 4109 624 4171 adhibiturum
657 4111 857 4186 fuisse,
896 4124 1047 4188 quae
1075 4115 1148 4171 ad
1170 4133 1295 4187 eos,
1335 4116 1837 4194 quibus-proxime
1864 4110 2170 4183 scribebat,
2208 4112 2447 4187 propius

231 4195 611 4271 pertinerent,
651 4206 826 4275 atque
854 4196 929 4254 ad
956 4201 1181 4258 animos
1210 4218 1410 4259 eorum
1439 4203 1752 4260 movendos
1782 4198 2089 4255 certiorem
2128 4199 2251 4255 vim
2278 4195 2448 4253 habi-

232 4289 371 4335 tura
413 4290 640 4353 essent,
697 4301 867 4359 quam
918 4301 966 4339 e.
1008 4303 1058 4346 e.
1099 4283 1223 4342 fata
1261 4288 1669 4364 navigantium
1716 4280 1845 4361 (Vm
1885 4278 2237 4359 23-32·)·
2323 4279 2449 4351 „Si

108 4381 125 4391 ‘
232 4382 369 4422 vero
420 4365 666 4438 primam
713 4368 986 4428 carminis
1042 4379 1273 4447 partem
1331 4372 1577 4431 seorsim
1631 4367 1984 4445 spectaretis
2038 4359 2213 4446 (utor
2253 4364 2449 4431 verbis
