2807 4913
757 297 884 364 ι’..
934 290 1055 381 96,
1114 290 1222 358 ιε
1324 261 1924 390 1⁵³·9⁷‚ss·=-7·
2018 385 2024 390 ὓ
2302 292 2449 360 535
2555 329 2558 330 f

220 465 223 470 ¹
236 477 500 560 γητικως
543 467 909 551 explicatur:
969 476 1096 537 ‘m-
1111 468 1448 566 ‘'tyn-525
1489 476 1611 562 '¹159
1650 492 1802 553 agor·
1838 482 1905 533 ot
1933 470 2282 554 plenitudo
2291 474 2449 550 ojus,
2533 503 2540 508 ,

237 563 393 639 quod
428 565 578 620 idem
597 568 664 619 et
689 562 1064 650 cognoscitur
1093 577 1167 617 ex
1206 540 1309 633 98,
1334 563 1415 633 7.,
1430 540 1562 617 ubi
1569 544 1736 618 haee
1762 568 2120 638 repetuntur.

415 674 507 729 13.
593 677 790 758 'rnen-r
843 664 1024 728 Ὁὲιιύό
1078 682 1183 729 &n-
1216 665 1393 750 Venit
1447 667 1532 725 ad
1567 665 1963 742 Judt'candum
2010 677 2271 742 terram,
2321 670 2365 725 i.
2396 689 2444 726 e.

234 759 308 817 ad
343 738 740 854 regnandum,
763 736 1083 828 judicdro
1123 736 1278 812 enim
1319 752 1511 833 figura
1548 750 1792 809 hebraea
1833 765 2089 827 regnare
2120 753 2443 835 significat,

233 845 404 919 quu'm
441 840 748 933 praecipua
784 857 918 915 pars
951 839 1181 914 imperii
1214 839 1294 893 sit
1325 839 1477 912 juris
1511 846 1568 894 et
1600 835 1953 911 judiciorum
1985 837 2440 896 administratio.

232 927 422 986 Verba
453 926 661 983 ultima
696 908 805 985 '721
849 922 1022 1015 nep}
1062 926 1127 980 in
1164 920 1472 979 Chronicis
1506 940 1628 979 non
1658 923 1955 1001 leguntur.

1109 1136 1112 1140 v
1206 1095 1324 1169 Ps.
1367 1112 1469 1169 97.

314 1215 321 1223 ⁸
398 1222 669 1302 Ejusdem
703 1224 822 1282 fere
851 1226 1181 1305 argumenti
1212 1225 1309 1283 hic
1336 1224 1599 1285 Psalmus
1631 1234 1720 1283 est
1752 1243 1883 1284 cum
1909 1226 2240 1301 superiore:
2290 1229 2441 1285 cele-

228 1317 362 1374 brat
390 1312 853 1388 Deipotentiam
881 1319 939 1366 et
970 1312 1327 1385 majestatem
1366 1310 1792 1391 agnoscendam
1828 1310 1900 1368 ab
1939 1309 2203 1367 omnibus
2237 1315 2442 1389 'genti-

231 1402 361 1472 bus,
405 1415 571 1475 quae,
605 1396 840 1468 abjectis
869 1394 1064 1468 idolis,
1105 1395 1260 1460 hunc
1289 1414 1471 1454 unum
1502 1414 1704 1454 verum
1729 1394 1919 1453 Deum
1946 1395 2135 1451 colere
2165 1394 2441 1453 deberent

232 1495 290 1543 et
331 1484 592 1540 adorare.
676 1479 798 1536 Piis
832 1480 1134 1552 omnibus,
1175 1481 1278 1555 qui
1308 1479 1463 1537 hunc
1491 1479 1679 1539 Deum
1714 1479 1981 1538 Sinnium
2013 1479 2214 1535 colant
2245 1489 2306 1535 et
2337 1500 2439 1537 ve-

233 1565 530 1635 nerentur,
560 1566 643 1632 ,ab
677 1582 745 1619 eo
777 1566 1196 1639 protectionem
1230 1573 1291 1621 et
1323 1568 1574 1643 gratiam
1608 1565 1935 1641 promittit„
1976 1573 2036 1621 et
2062 1563 2172 1624 hoc
2201 1566 2436 1622 nomine
2515 1575 2526 1590 ⁴

175 1647 193 1708 .'
218 1650 440 1710 'laetari
468 1667 566 1706 eos
593 1648 778 1722 jubet,
818 1658 877 1704 et
905 1647 1335 1706 beneficentiam
1366 1652 1489 1724 ejus
1519 1651 1827 1708 celebrare.

402 1735 571 1793 Sicut
602 1732 1001 1808 praecedentes
1032 1731 1175 1806 duos
1202 1732 1495 1808 Psalmos,
1550 1737 1635 1792 ita
1662 1733 1816 1791 hunc
1846 1735 2016 1791 etiam
2045 1741 2105 1789 et
2137 1741 2440 1811 sequentes
2507 1775 2510 1778 -
2561 1811 2572 1828 e

230 1823 488 1897 aliquot,
547 1834 728 1892 usque
765 1815 846 1873 ad
884 1818 1021 1873 101.
1004 1856 1059 1889 .,
1121 1820 1422 1877 occasione
1466 1820 1787 1877 consecrati
1827 1820 2029 1892 templi
2068 1816 2305 1875 secundi
2346 1815 2438 1875 vel

227 1906 414 1963 factos
461 1903 556 1960 vel
607 1902 697 1957 illi
740 1900 1201 1960 accommodatos
1244 1921 1368 1960 esse
1413 1905 1813 1980 suspicantur,
1865 1921 1939 1961 ex
1985 1902 2207 1961 Graeco
2260 1904 2437 1960 titulo

225 1989 448 2054 Psalmi
479 1988 578 2045 96.
621 1980 808 2061 (cujus
845 1973 963 2044 vid.
991 1987 1230 2066 Argum.
1234 1982 1292 2065 ),
1349 2006 1525 2063 quum
1566 1996 1627 2045 et
1663 1989 1879 2045 similes
1917 1988 2037 2045 sint
2070 1996 2438 2066 argumento,

147 2096 151 2110 ·
233 2084 294 2133 et
316 2075 380 2131 in
410 2071 521 2129 hoc
545 2070 709 2128 nullo
735 2069 938 2127 ordine
965 2070 1348 2144 psalmorum,
1380 2074 1679 2146 conjuncti
1705 2082 1898 2128 tamen
1926 2072 2206 2128 continuo
2233 2072 2438 2129 ordine

234 2160 526 2237 legantur.
608 2154 678 2213 ln
707 2154 936 2213 Graeca
962 2156 1357 2214 Alexandrina
1395 2156 1780 2213 translatione
1819 2154 1954 2214 huic
1993 2153 2218 2212 Psalmo
2266 2174 2437 2229 prae-

229 2246 507 2319 scriptum
536 2250 658 2299 est.
699 2240 786 2317 τῷ
821 2232 1103 2309 Λιυὶδ,”
1086 2228 1187 2300 o're
1225 2233 1262 2317 ἦ
1294 2241 1371 2317 γῆ
1406 2235 1595 2299 αὐτοῦ
1628 2241 2015 2308 καθίσταται,
2055 2239 2182 2315 ipsi
2211 2237 2439 2311 David,

228 2326 459 2405 quando
497 2335 671 2382 terra
711 2342 842 2393 eJus
881 2323 1179 2380 restituta
1215 2333 1344 2397 est,
1397 2334 1468 2381 ut
1499 2323 1788 2403 vulgatus
1825 2323 2094 2381 reddidit.
2176 2321 2441 2394 „Resti-

227 2421 422 2470 tutam
454 2409 744 2481 terram,“
781 2409 974 2483 inquit
1007 2408 1333 2481 Aemulus,
1372 2410 1515 2482 „sic
1544 2408 1983 2489 intelligendum
2009 2414 2175 2483 puto,
2206 2404 2437 2483 quando

223 2517 260 2554 a
283 2496 662 2554 fluctuatione
694 2502 753 2550 et
779 2494 1099 2571 agitatione
1127 2494 1390 2552 stabilita
1416 2503 1508 2552 cst
1535 2505 1708 2574 atque
1734 2495 1986 2566 firmata,
2008 2490 2225 2555 sedatis
2246 2491 2438 2564 bellis,

228 2581 436 2657 quibus
461 2579 630 2655 prius
663 2576 1168 2653 concutiebatur.“

398 2687 453 2743 1.
541 2684 632 2743 De
677 2696 826 2767 Π“ξΝ
867 2684 989 2742 vid.
1031 2696 1156 2744 not.
1202 2685 1277 2744 ad
1318 2687 1425 2760 72,
1453 2684 1552 2744 lo.

395 2789 458 2844 2.
515 2796 702 2873 ”³30
732 2782 935 2875 ΞᾨῚη
966 2793 1061 2875 ‘3:32
1089 2785 1287 2845 Nubes
1313 2795 1376 2845 et
1405 2788 1599 2866 caligo
1632 2787 1804 2848 circa
1830 2804 1979 2860 eum,
2014 2786 2079 2849 ἓν
2114 2781 2219 2848 διὰ
2245 2782 2437 2861 δυοῖν,
2484 2782 2490 2789 ’

225 2875 475 2937 nubibus
522 2850 862 2953 caliginosis
888 2862 975 2930 ab
1004 2855 1288 2935 omnibus
1335 2874 1600 2949 partibus
1650 2871 2165 2946 circumfunditur,
2224 2871 2460 2930 harum

225 2958 506 3017 satellitio
536 2958 789 3032 stipatur
814 2957 1082 3029 majestas
1115 2961 1258 3032 ejus.
1343 2958 1512 3022 Talis
1550 2946 1945 3020 εἶδωλοποιῖᾰ
1984 2956 2054 3015 de
2092 2958 2284 3014 densis
2324 2977 2436 3013 nu-
2515 2960 2520 2963 ’

223 3045 426 3116 bibus,
487 3045 639 3099 inter
681 3059 826 3118 quas
859 3041 927 3097 de
962 3042 1122 3098 coelo
1162 3043 1521 3104 descenderit
1552 3042 1748 3116 Deus,
1803 3053 1892 3104 est
1933 3049 1995 3099 et
2040 3044 2136 3115 18,
2166 3042 2261 3101 10.
2346 3040 2437 3100 De
2525 3110 2526 3113 Ἴ

222 3129 436 3200 verbis,
478 3146 622 3204 quae
651 3127 913 3203 proxime
942 3136 1284 3203 sequuntur,
1325 3127 1443 3189 vid.
1475 3128 1553 3193 ad
1579 3126 1674 3184 Ps.
1706 3129 1811 3199 89,
1843 3126 1939 3184 15.

389 3230 448 3285 3.
535 3224 841 3285 Antecedit
871 3245 1002 3283 eum
1028 3226 1257 3284 flamma
1282 3230 1596 3300 vastatrix,
1638 3247 1785 3305 quae
1807 3239 2117 3309 grassatur
2148 3231 2211 3285 in
2241 3227 2439 3286 hostes

223 3315 407 3390 ipsius
442 3314 849 3384 circumcirca,
895 3322 963 3369 ut
991 3312 1262 3380 incendat
1296 3322 1354 3370 et
1390 3322 1694 3385 consumat
1725 3332 1870 3372 eos„
1924 3314 2081 3372 Huic
2122 3315 2310 3385 simile
2347 3324 2434 3373 est
2529 3318 2530 3321 ’

224 3399 321 3461 Rs.
355 3400 453 3471 18,
485 3400 575 3469 9.;
618 3399 795 3455 etiam
827 3398 932 3469 29,
961 3399 1016 3456 7,.
1061 3406 1120 3453 et
1150 3415 1316 3475 saepe
1349 3399 1499 3454 alias
1536 3399 1605 3454 ab
1640 3400 1773 3476 igne
1809 3408 1867 3455 et
1897 3396 2157 3470 fulmine,
2203 3400 2435 3454 tonitru

225 3493 283 3540 ct
313 3482 750 3561 tempestatibus
788 3483 1214 3543 demonstratur
1247 3484 1509 3564 potentia
1540 3481 1670 3539 Dei.
1753 3480 2025 3541 Fulmina
2066 3493 2237 3557 atque
2278 3484 2434 3540 toni-

133 3580 145 3601 ’
225 3579 359 3627 trua
399 3577 675 3643 tanquam
718 3576 1118 3626 antecursores
1158 3574 1215 3623 et
1254 3567 1630 3665 antesignani
1670 3568 1959 3631 sistuntur
1985 3565 2163 3625 Jovae
2200 3566 2438 3644 expedi-

226 3654 447 3708 tionem
485 3652 879 3723 suscipientis
938 3697 942 3701 .

395 3755 454 3811 6.
540 3752 704 3841 ἰι-ρ’·ιιζ
758 3752 978 3841 ῦῖζιᾙζτ
1038 3758 1216 3813 771327
1275 3749 1654 3811 Annuncz'ant
1716 3753 1863 3813 coeli
1907 3751 2228 3826 justitiam
2284 3768 2436 3824 eJas.

192 3836 422 3901 fCoelis
464 3838 568 3893 alii
609 3817 978 3914 intelligunt
991 3835 1262 3908 coelites,
1323 3835 1556 3894 divinae
1603 3840 1869 3912 justitiae
1912 3850 2258 3915 praecones3
2330 3835 2436 3890 alii

224 3922 551 3999 significari
581 3921 694 3977 hoe
724 3930 966 3994 putant.
1017 3920 1247 3992 justitia
1283 3921 1403 3995 ejus
1440 3923 1631 3997 opplet
1663 3941 1888 3979 omnem
1922 3941 2142 3985 rerum
2147 3920 2439 3977 universi-

227 4015 440 4075 tatem,
491 4007 716 4063 coelum
755 4015 814 4062 et
846 4014 1094 4071 terram3
1164 4007 1318 4061 sicut
1360 4003 1671 4080 hyperbole
1710 4009 1970 4080 poetica:
2028 4004 2214 4080 sama
2252 4020 2437 4081 supet·
2508 4002 2516 4017 ⁸

229 4086 477 4146 aethera
515 4099 714 4161 notus,
756 4097 851 4147 et:
899 4088 1133 4147 sublimi
1157 4087 1396 4161 feriam
1436 4091 1667 4148 vertice
1707 4091 1928 4149 sidera.

401 4190 460 4245 7.
543 4189 764 4248 Pudeat
792 4210 934 4271 ergo
961 4192 1358 4266 perversitatis
1389 4209 1528 4249 suae
1557 4211 1781 4271 ornnes,
1822 4193 1925 4268 qui
1953 4188 2127 4249 idolis
2156 4152 2441 4258 serviunt,

234 4274 336 4419 3:¹st
352 4274 631 4433 §jugitas
672 4277 989 4358 imagines,
1049 4293 1155 4335 res
1184 4274 1350 4393 fictas
1386 4283 1455 4341 et
1483 4262 1692 4352 nihili,
1730 4277 1947 4337 colant.
2016 4274 2106 4339 De
2147 4270 2279 4356 Ξιξιη
2319 4271 2441 4333 vid.
