2807 4913
404 279 571 351 -570
1190 280 1319 348 Pe.
1376 225 1545 365 167,
1601 274 1880 342 2—4.·
1965 323 1978 332 -

408 459 826 542 schum-reri),
866 451 1326 523 commodissime
1356 461 1549 541 potest
1578 459 1654 519 ad
1683 459 1924 521 reduces
1957 460 2031 521 ab
2058 464 2241 522 exilio
2267 455 2642 541 Babylonico

405 552 657 611 ludaeos
689 550 927 609 referri:
987 547 1298 626 non'quod
1340 565 1410 604 eo
1452 566 1633 624 usque
1674 546 1897 605 redacti
1935 542 2216 622 fuerint,‘
2244 559 2311 605 nt
2352 550 2418 605 in
2455 560 2635 607 vasta

406 633 721 695 solitudine
767 634 1149 692 oberrandum
1193 635 1314 690 illis
1354 641 1541 704 esset,
1599 642 1658 689 et
1690 649 1822 689 cum
1852 632 2002 689 fame
2032 633 2246 708 sitique
2274 632 2633 691 conflictan-

407 721 575 794 dum3
620 720 719 776 sed
748 728 1019 795 poterant
1054 725 1228 789 certe,
1267 717 1345 775 ad
1370 714 1783 774 illustrandam
1810 735 1885 774 ex
1912 719 2232 791 superioris
2258 716 2630 774 conditionis

332 867 345 876 „
403 805 642 863 miseria
686 802 874 861 divini
914 803 1177 859 beneficii
1211 801 1710 880 magnitudinem,
1759 802 2090 877 comparari
2127 821 2259 858 cum
2303 803 2456 874 illis,
2517 803 2629 877 qui

403 889 668 947 domibus
697 888 898 968 ejecti,
950 899 1321 944 versarentur
1350 886 1428 942 in
1447 903 1667 943 summa
1694 903 1890 943 rerum
1922 886 2180 942 omnium
2208 888 2409 962 inopia
2440 895 2625 961 atque

400 981 676 1052 egestate.
757 970 891 1029 Hoc
929 981 1122 1028 autem
1165 972 1218 1027 si
1251 971 1463 1040 detur,
1519 966 1671 1027 nihil
1698 970 1959 1046 profecto
1992 969 2267 1044 adparet,
2313 971 2469 1048 quod
2507 972 2623 1026 im-

354 1063 366 1086 ·
400 1058 633 1135 pediat,
696 1074 811 1132 quo
854 1058 1047 1112 minus
1091 1064 1152 1111 et
1193 1056 1439 1131 reliqua
1475 1054 1550 1111 ad
1602 1053 1755 1111 hanc
1807 1054 1993 1130 ipsam
2045 1056 2338 1112 rationem
2391 1051 2624 1130 possint

398 1141 844 1200 accommodari.
897 1139 1083 1198 Nobis
1112 1141 1299 1219 igitur
1324 1142 1412 1196 sic
1438 1137 1695 1212 videtur,
1720 1138 2019 1197 Psalmum
2050 1135 2207 1196 hunc
2234 1140 2624 1216 compositum

394 1226 575 1283 fuisse
603 1237 727 1283 tum
756 1225 1016 1296 demum,
1058 1234 1361 1301 postquam
1393 1220 1600 1281 sudaei
1635 1242 1710 1281 ex
1737 1222 2066 1299 Babylonia
2093 1226 2363 1298 primum,
2408 1223 2623 1281 deinde

397 1320 456 1369 et
484 1310 718 1369 aliunde
748 1327 823 1367 ex
853 1310 1033 1367 variis
1063 1305 1427 1387 regionibus,
1462 1310 1626 1364 velut
1646 1326 1722 1366 ex
1735 1309 2037 1385 Aegypto,
2075 1308 2291 1365 Arabia
2321 1319 2414 1366 etc
2432 1349 2455 1380 ,
2494 1327 2624 1384 quo

397 1396 560 1467 olim,
599 1395 835 1452 turbato
863 1393 1216 1468 reipublicae
1245 1403 1427 1466 statu,
1465 1392 1559 1450 vel
1587 1393 1749 1450 ultro
1778 1389 2199 1471 profugissent,
2241 1394 2333 1450 vel
2355 1412 2463 1469 per
2489 1395 2617 1450 vim

346 1473 358 1485 ⁹
392 1480 649 1548 hostium
683 1478 918 1536 abducti
940 1487 1164 1552 essent,
1204 1474 1451 1540 reduces
1480 1478 1544 1533 in
1572 1479 1822 1553 patriam
1854 1475 2032 1549 facti,
2069 1494 2195 1533 rem
2223 1495 2389 1536 suam
2417 1476 2615 1554 puhli-

330 1555 337 1562 ’
390 1583 519 1621 eam
548 1572 610 1622 et
640 1563 991 1622 familiarem
1020 1555 1192 1639 a'tque
1224 1562 1599 1621 domesticam
1625 1561 1877 1620 feliciter
1901 1562 2230 1618 instaurare
2265 1564 2611 1637 coepissent.

388 1646 515 1707 Hos
543 1647 732 1728 igitur
760 1665 906 1720 esse,
946 1665 1092 1724 quos
1121 1648 1197 1705 ad
1225 1647 1452 1728 gratias
1479 1639 1663 1705 Jovae
1693 1643 2103 1722 persolvendas
2136 1648 2349 1704 excitet
2377 1656 2634 1708 auctor..

390 1730 597 1791 lnduci
624 1730 940 1811 profugos,
995 1734 1290 1807 captivos,
1344 1750 1422 1789 cx
1447 1731 1650 1789 morbo
1679 1728 2025 1808 languidae,
2088 1740 2295 1786 nautas
2330 1732 2609 1804 procellis

390 1819 681 1895 agitatos,
723 1817 960 1874 nonnisi
996 1834 1067 1874 eo
1097 1817 1380 1888 consilio,
1423 1825 1493 1873 ut
1520 1815 1985 1894 recordationem
2021 1823 2082 1873 et
2112 1816 2279 1890 quasi
2310 1816 2604 1889 multipli-

387 1922 509 1960 cem
541 1903 853 1978 imaginem
882 1901 1147 1958 tristium
1177 1902 1575 1977 laetorumque
1601 1898 1915 1970 haberent,
1964 1902 2066 1974 qui
2096 1907 2157 1956 et
2189 1900 2305 1976 ipsi
2334 1918 2494 1956 nune
2529 1899 2600 1958 ab

384 1986 566 2044 exilio
597 1986 662 2042 in
694 1988 979 2061 patriam,
1035 1994 1097 2044 et
1122 1987 1290 2062 quasi
1315 2004 1390 2043 ex
1419 1984 1746 2042 carceribus
1780 1985 1847 2041 in
1875 1983 2235 2057 libertatem,
2283 2005 2358 2043 ex
2393 1985 2603 2043 morbo

385 2070 481 2129 ad'
501 2071 1000 2144 incolumitatem,
1067 2089 1143 2129 ex
1184 2068 1496 2149 naufragio
1540 2069 1615 2126 ad
1658 2070 1802 2125 litus
1839 2071 2258 2144 pervenissent.
2341 2067 2601 2127 Maxime

383 2165 579 2211 autem
616 2154 991 2212 confirmatur
1025 2153 1169 2213 haec
1206 2156 1500 2212 sententia
1540 2172 1612 2211 ex
1653 2170 1759 2225 eo,
1799 2149 1972 2229 quod
2006 2171 2139 2228 pars
2175 2156 2451 2212 carminis
2487 2172 2596 2229 po·

381 2249 595 2297 strema
624 2257 982 2317 nequaquam
1014 2242 1143 2319 agit
1175 2239 1245 2297 de
1273 2241 1583 2319 regionum
1611 2240 2068 2319 populorumque
2093 2238 2597 2295 vicissitudinibus

378 2325 686 2397 universe,
746 2324 845 2381 sed
882 2326 1203 2426 separatim
1232 2335 1405 2399 atque
1443 2324 1614 2379 unice
1644 2318 1881 2379 exhibet
1910 2340 2102 2380 rerum
2140 2322 2395 2380 omnium
2430 2340 2594 2380 com-

376 2411 758 2468 mutationem
790 2426 946 2482 eam,
987 2408 1158 2486 quam
1184 2411 1311 2489 ipsa
1334 2407 1663 2484 respublica
1686 2403 1930 2468 Judaica
1956 2416 2196 2485 experta
2225 2417 2409 2482 esset,
2446 2426 2594 2488 gra·-

375 2495 676 2553 vissimam
702 2503 761 2550 et
788 2512 1028 2570 prorsus
1059 2497 1432 2576 singularem.
1436 2496 1477 2531 66

547 2615 607 2671 2.
677 2610 818 2684 „Ad
847 2611 1083 2710 verbum
1115 2615 1313 2701 πῆξιν
1343 2607 1651 2686 repetenda
1682 2620 1771 2668 est
1799 2610 1891 2669 vel
1918 2611 2107 2668 omnis
2135 2609 2422 2697 formula,
2439 2630 2592 2690 quae

374 2695 476 2753 Vs.
513 2698 571 2752 1.
612 2695 942 2772 praecedit,
993 2687 1102 2761 ‘737
1151 2677 1281 2758 πῆπ
1285 2692 1355 2780 ξ
1398 2696 1547 2767 νὺ,
1596 2706 1663 2752 ut
1703 2702 1793 2752 est
1839 2692 1955 2752 Jcr.
1988 2697 2091 2768 33,
2124 2698 2256 2772 11.,
2313 2698 2408 2755 'vel
2419 2715 2588 2795 ‘pars

370 2779 655 2855 ejusdem,
699 2780 859 2865 *1qu
899 2777 1088 2845 0⁷:²1sz
1137 2794 1242 2861 ³2,
1296 2791 1364 2837 ut
1405 2777 1501 2836 Ps.
1524 2780 1662 2852 118,
1689 2780 1747 2836 3.
1776 2780 1882 2835 4.66
1922 2778 2325 2838 SanURREn.
2410 2778 2589 2845 ''zm-³4

370 2865 534 2924 ,Ἧι-ν’
563 2861 617 2918 V
615 2882 680 2920 os
712 2866 813 2942 qui
836 2846 1089 2924 liberati
1108 2866 1258 2923 estis
1295 2882 1334 2920 a
1355 2863 1534 2937 Jova,
1564 2863 1775 2924 enses.
1795 2864 2014 2937 62,12.
2067 2863 2258 2923 Verba
2287 2868 2589 2952 *ng-7272

367 2930 626 3024 plerique
667 2966 698 3003 e
742 2968 916 3006 mmm
956 2948 1150 3008 hostis
1189 2949 1469 3023 reddunt,
1517 2967 1683 3024 quem
1712 2948 2106 3028 significatum
2140 2967 2353 3008 nomen
2386 2960 2484 3011 *ut
2522 2963 2587 3009 et

365 3031 463 3088 Ps.
496 3033 598 3104 74,
632 3032 729 3089 10.
775 3037 876 3107 78,
904 3036 1006 3093 42.
1042 3035 1284 3091 obtinet.
1346 3033 1547 3091 Aben-
1564 3033 1713 3091 Esra
1740 3052 1878 3090 vero
1907 3044 1966 3095 et
1991 3029 2229 3099 Kimchi
2259 3031 2414 3093 idem
2445 3018 2581 3095 h.1.

366 3116 700 3195 significare
738 3131 950 3195 putant
987 3118 1141 3194 quod
1169 3116 1511 3175 femininum
1550 3127 1694 3177 ΠἾΣ
1728 3118 2041 3194 angustia,
2099 3117 2386 3195 quomodo
2419 3130 2585 3177 certe

364 3203 626 3259 occurrit
670 3201 822 3262 infra
864 3204 971 3263 Vs.
998 3205 1055 3262 6.
1089 3202 1185 3262 13.
1243 3212 1302 3260 et
1353 3205 1493 3278 106,
1522 3185 1646 3262 44.
1671 3185 1802 3269 lta
1852 3213 1975 3265 ’3773
2031 3221 2140 3282 pro
2196 3205 2447 3281 simplici
2497 3212 2579 3289 ’773

294 3284 301 3287 ’
362 3286 618 3361 positum
658 3289 788 3346 erit.

531 3395 591 3454 3.
675 3402 829 3483 nysa
881 3398 1083 3496 ’7352373
1135 3398 1192 3457 Α
1233 3397 1649 3478 septentrione
1702 3405 1764 3455 et
1805 3417 1846 3457 a
1889 3396 2081 3469 mari,
2141 3398 2181 3455 i.
2228 3419 2279 3459 e.
2323 3401 2572 3458 docente

364 3490 642 3539 contextu
674 3491 732 3538 et
763 3482 1162 3559 oppositione,
1201 3502 1243 3541 a
1281 3481 1567 3554 meridie,
1608 3484 1763 3557 sive,
1809 3494 1876 3541 ut
1900 3480 2222 3542 Chaldaeus
2250 3483 2451 3556 habet,
2499 3485 2578 3551 do

358 3565 517 3626 mari
554 3565 828 3638 australi,
875 3565 930 3624 h.
961 3584 1014 3622 e.
1042 3567 1113 3624 ab
1146 3570 1269 3626 oris
1299 3569 1475 3627 maris
1501 3566 1670 3625 rubri
1701 3586 1749 3626 s.
1775 3567 2044 3641 Arabici,
2084 3570 2239 3644 quod
2265 3569 2574 3629 meridiem

358 3668 560 3709 versus
595 3652 990 3726 protenditur,
1048 3654 1178 3711 ooll.
1207 3650 1324 3715 Ex.
1354 3654 1461 3725 23,
1487 3653 1591 3710 31.
1630 3660 1687 3707 et
1727 3651 1817 3709 Ps.
1850 3654 1953 3724 72,
1982 3653 2039 3708 8.
2057 3692 2076 3723 ,
2131 3672 2239 3712 nec
2269 3671 2391 3711 non
2422 3655 2574 3727 114,

359 3734 415 3791 3.
447 3732 540 3808 5.,
590 3733 692 3791 ubi
723 3735 922 3793 itidem
952 3753 1118 3793 mare
1149 3738 1415 3797 absolute
1444 3756 1550 3812 pro
1583 3737 1742 3793 mari
1784 3735 1965 3794 rubro
2010 3734 2244 3795 dicitur.
2325 3735 2577 3813 Eadem,

356 3836 471 3894 qua
495 3827 696 3876 noster
726 3820 933 3893 utitur,
972 3820 1246 3897 formula,
1286 3822 1623 3902 septentrio
1664 3829 1729 3882 et
1771 3819 2054 3880 meridies
2092 3832 2151 3880 et
2188 3819 2437 3896 senato,
2467 3824 2572 3883 12.

351 3903 644 3982 signatur.

519 4014 580 4069 4.
634 4008 799 4071 Duas
832 4032 1003 4074 voces
1039 4028 1176 4110 ,ἿὛτ
1214 4016 1473 4101 Ῐῆηἱιριζι
1512 4034 1687 4094 quum
1717 4025 1987 4074 accentus
2011 4017 2285 4095 jungant,
2323 4017 2389 4074 in
2422 4015 2576 4074 soli·
2613 4047 2632 4057 Ι

351 4096 559 4155 tudine
597 4097 728 4153 viae
770 4100 936 4175 reddi
975 4086 1194 4177 solen't,
1245 4105 1399 4180 quod
1434 4104 1653 4159 inviam
1687 4101 2057 4159 solitudinem
2086 4102 2570 4178 interpretantur.

349 4180 496 4238 Eam
521 4197 661 4236 vero
688 4184 882 4258 potius
911 4193 1046 4276 ΞΓΙἾ
1075 4185 1158 4252 &b
1190 4191 1294 4271 *sm
1301 4186 1442 4275 125³,
1479 4196 1542 4242 ut
1570 4184 1727 4243 infra
1752 4183 1851 4242 Vs.
1873 4186 1996 4257 40.,
2035 4185 2335 4243 dicendam
2360 4184 2570 4258 fuisse,

276 4292 283 4299 ·
352 4274 511 4321 recte
539 4268 767 4324 monuit
793 4259 1214 4345 Schnur'rerus,
1254 4249 1543 4347 simulque
1569 4270 1920 4341 observavit,
1961 4271 2243 4373 aptiorem
2277 4288 2401 4327 esse
2428 4270 2569 4327 Ale-

352 4344 632 4404 xandrini
654 4347 1228 4427 interpretationem.
1275 4351 1428 4420 ὁδὸν
1469 4353 1700 4426 πόλεως
1737 4357 2195 4434 κατωκηῖηθῑῦυ
2225 4349 2335 4437 ῦῦκ
2365 4345 2574 4436 εὗρῠῖι
