2807 4913
1113 308 1240 377 Ps.
1286 326 1352 393 2,
1409 305 1475 375 6.
1522 317 1587 398 7.'
1699 356 1704 365 -
2360 310 2453 384 31

164 510 167 513 ¹
230 506 413 570 super
447 489 604 552 Sion
642 500 899 550 montem
939 501 1214 554 sanetum
1255 491 1406 566 ejus.
1488 490 1722 569 Reliqui
1751 502 1974 553 veteres
2007 513 2204 555 omnes
2233 498 2298 556 in
2327 500 2463 558 vul-

230 581 361 657 gari
386 580 672 636 versione
709 580 1107 651 consentiunt,
1141 588 1209 635 ut
1243 580 1388 636 adeo
1419 576 1711 655 superflua
1740 582 1821 636 sit
1848 583 2209 655 quorundam
2239 585 2461 660 opinio,

233 666 328 738 qui
352 662 544 721 LXX
572 666 745 721 aliter
776 667 839 720 in
871 663 1083 745 Codice
1109 663 1265 721 hebr.
1303 664 1515 741 legisse
1557 665 1930 737 conjicerent.
2016 665 2227 725 Subita
2263 664 2460 727 autem

240 767 618 822 personarum
663 751 912 806 mutatio
957 751 1241 805 neminem
1266 747 1568 819 offendet,
1641 750 1744 824 qui
1787 750 2167 825 complurium
2207 753 2459 811 aliorum

250 836 632 908 exemplorum
673 836 737 889 in
767 832 896 890 Pss.
931 842 990 891 et
1019 834 1164 890 alias
1195 834 1383 890 obviis
1414 833 1773 908 meminerit3
1818 835 1923 890 illa
1953 835 2148 910 potius
2182 855 2457 913 perquam

251 928 359 992 apta
399 929 575 991 erat,
635 920 689 975 si
735 917 943 975 Psalmi
989 917 1233 987 diversis
1277 915 1473 975 choris
1498 916 1911 975 ‚recitabantur
1957 913 2098 996 (vid.
2132 922 2162 977 l
2185 919 2319 978 Chr.
2356 923 2455 996 16,

246 1002 588 1078 16—21.),
627 1021 795 1079 quos,
834 1004 936 1060 ubi
969 1003 1244 1060 carminis
1276 1011 1679 1081 argumentum
1710 1004 2068 1077 postularet,
2107 1007 2282 1062 unius
2312 1025 2455 1063 can-

237 1082 374 1143 toris
404 1106 538 1145 vox
569 1088 1000 1162 interpellabat.
1086 1087 1208 1144 Nec
1241 1086 1297 1145 h.
1334 1089 1368 1159 l.
1403 1087 1559 1143 illam
1592 1088 1973 1146 Alexandrini
2013 1090 2454 1167 interpretatio·-

231 1189 355 1229 nem
383 1183 707 1230 contextus
734 1173 1010 1230 admittit.
1067 1171 1198 1230 Vid.
1227 1173 1301 1230 ad
1328 1170 1425 1228 Vs.
1453 1190 1539 1248 sq.
1571 1171 1702 1228 init.

396 1346 460 1400 7.
497 1362 623 1420 sqq.
710 1344 882 1412 Quod
918 1340 1017 1400 Vs.
1050 1346 1107 1402 6.
1148 1343 1458 1414 attulerat,
1501 1335 1682 1400 Jovae
1711 1341 1979 1416 effatum,
2023 1361 2133 1403 rex
2169 1364 2326 1404 nunc
2362 1348 2454 1405 di-

218 1431 445 1484 sertius
473 1430 752 1504 exponit,
791 1439 860 1485 ut
883 1431 1074 1508 magis
1108 1427 1296 1487 adhuc
1322 1436 1629 1504 appareat,
1671 1446 1839 1503 quam
1867 1446 2069 1502 parum
2095 1428 2165 1486 de
2191 1430 2453 1490 hostium

219 1513 618 1571 seditionibus
661 1514 775 1570 sibi
818 1515 1136 1572 timendum
1180 1515 1276 1569 sit.
1360 1514 1653 1569 Provocat
1704 1512 1777 1569 ad
1823 1515 2122 1569 oraculum
2169 1516 2316 1572 illud
2358 1517 2451 1573 di·-

216 1601 469 1670 vinum,
533 1599 603 1655 de
643 1617 756 1674 quo
799 1598 1096 1656 Nathanes
1144 1599 1282 1656 olim
1327 1599 1398 1655 ad
1441 1595 1721 1654 Davidem
1767 1598 2049 1654 retulerat
2090 1597 2173 1672 (2
2191 1599 2358 1660 Sam..
2386 1607 2448 1675 7,

224 1685 304 1740 12
329 1714 411 1725 —
439 1679 602 1759 14.):
656 1680 974 1760 Completis
1012 1684 1219 1741 diebus
1263 1684 1408 1756 tuis,
1452 1684 1511 1740 si
1554 1701 1681 1740 eum
1723 1680 2052 1752 majoribus
2085 1686 2204 1741 tuis
2240 1685 2451 1743 obdor-

214 1768 470 1838 mieris,
530 1767 670 1840 filio
715 1778 815 1824 tuo
860 1787 901 1824 a
949 1778 1009 1825 te
1054 1780 1198 1826 nato
1243 1787 1489 1844 regnum
1530 1765 1909 1840 confirmabO.
1992 1762 2064 1824 Is
2106 1766 2252 1825 mihi
2301 1779 2448 1827 tem-

206 1855 387 1931 plum
416 1852 790 1925 aedificabit,
829 1850 968 1909 huie
1002 1842 1275 1912 thronum
1303 1854 1482 1929 regni
1509 1853 1608 1910 sui
1633 1851 1937 1909 stabiliam
1967 1853 2031 1909 in
2063 1862 2449 1933 perpetuum.

219 1939 386 2015 Ego
458 1940 741 2017 patris
807 1940 1079 1996 instar
1148 1957 1318 2010 ero,
1403 1939 1584 2016 ipse
1647 1935 1841 1993 mihi
1905 1937 2181 1996 instar
2233 1939 2446 2013 filii.

217 2023 400 2092 Quod
442 2023 744 2080 oraculum
791 2022 846 2080 h.
891 2023 934 2082 l.
990 2026 1063 2082 ad
1107 2042 1383 2102 magnum
1427 2024 1588 2080 illum
1627 2042 1858 2102 regem,
1916 2040 2085 2099 quem
2125 2023 2221 2082 Ps.
2265 2026 2447 2102 canit,

215 2108 512 2165 trahitur.
561 2102 692 2181 (Vs.
731 2106 820 2183 7.)
863 2107 1049 2166 Jovae
1090 2110 1314 2167 dietum
1340 2107 1774 2188 promulgabat
1813 2105 1975 2178 „Tu,
2014 2109 2233 2185 inquit,
2260 2109 2447 2183 filius

216 2191 373 2250 mihi
415 2211 514 2265 es,
567 2211 675 2270 ego
717 2191 892 2251 hodie
936 2204 996 2251 te
1035 2195 1235 2272 genui.
1308 2192 1450 2267 (8.)
1495 2190 1699 2267 Roga,
1762 2199 1825 2246 et
1879 2201 2089 2267 gentes
2132 2192 2248 2250 tibi
2293 2194 2444 2252 dabo

206 2278 688 2358 possessionem,
759 2288 965 2336 terrae
1006 2279 1173 2353 fines
1228 2276 1548 2354 peculium.
1629 2273 1750 2349 (9.)
1801 2271 2028 2332 Fer-reo
2084 2274 2286 2335 baculo
2343 2297 2442 2337 eos

220 2371 536 2433 conteres,
603 2373 672 2420 ut
712 2381 864 2422 vasa
903 2365 1176 2444 figulina
1215 2381 1315 2422 eos
1360 2359 1706 2418 contundes.
1702 2359 1773 2401 '⁶‘
1857 2359 1950 2443 ph
1995 2368 2082 2416 est
2122 2360 2444 2435 decretum,

156 2459 161 2470 '
219 2455 559 2519 statutum,
620 2447 895 2507 edietum.
996 2449 1188 2509 Verba
1239 2441 1494 2535 pii-⁷:03
1548 2455 1811 2537 π’·πεξδκ,
1876 2464 2023 2522 quae
2079 2444 2446 2505 Masorethae

219 2554 255 2591 a
290 2535 458 2593 rna-n*
504 2533 817 2607 divellunt,
861 2554 967 2591 nos
1001 2539 1064 2593 in
1093 2535 1396 2607 vertendo,
1437 2512 1866 2609 perspicuitatis
1902 2548 2096 2603 causa,
2134 2533 2444 2606 conjunxi-

219 2637 387 2688 mus,
425 2636 625 2692 quum
634 2635 837 2676 sensus
869 2621 1067 2678 eodem
1095 2622 1325 2691 redeat,
1379 2620 1503 2675 sive
1538 2627 1767 2675 vertas·
1819 2613 2080 2675 narrabo
2120 2616 2443 2690 decretum,

222 2703 378 2761 Jova
439 2702 607 2758 dixit
660 2701 839 2777 mihi,
906 2708 1060 2764 sive.
1125 2703 1389 2763 narrabo
1441 2701 1580 2758 decr
1583 2712 1737 2759 etum
1777 2700 2003 2773 Jovae,
2064 2700 2229 2757 dixit
2277 2699 2442 2758 mihi.

220 2788 476 2857 Quidam
505 2786 902 2847 Hebraeorum
931 2793 1180 2865 interpp.
1211 2790 1553 2864 particulam
1596 2782 1679 2866 bbg
1708 2806 1814 2864 pro
1852 2783 1888 2851 ⁷>
1925 2786 2178 2860 positum
2209 2795 2439 2862 putant,

219 2885 287 2931 ut
331 2870 678 2928 vertendum
720 2874 833 2930 sit:
889 2874 1226 2934 enarrando
1272 2873 1354 2930 ad
1394 2866 1729 2945 statutum,
1787 2890 1867 2929 sc.
1914 2869 2069 2945 quod
2108 2869 2255 2928 Jova
2294 2866 2443 2929 mihi

220 2958 409 3028 dixit,
468 2958 508 3012 i.
538 2976 589 3013 e.
629 2966 746 3014 tam
786 2960 1038 3016 sollicite
1076 2958 1490 3036 promulgabo,
1549 2967 1618 3013 ut
1650 2956 1817 3015 abeat
1850 2952 1997 3013 mihi
2027 2955 2091 3011 in
2125 2965 2443 3012 consuetu-

216 3043 414 3100 dinem
459 3052 518 3097 et
558 3043 821 3115 morem,
850 3062 1020 3120 quam
1051 3045 1349 3101 notionem
1381 3042 1473 3122 ph
1518 3042 1812 3098 interdum
1853 3038 2059 3110 habet',
2098 3040 2279 3096 veluti
2306 3039 2438 3100 Jud.

220 3129 321 3199 ll,
352 3126 455 3183 39.
540 3124 713 3185 Haud
746 3130 915 3202 pauci
956 3131 1204 3204 interpp.
1235 3127 1556 3203 particulae
1593 3123 1676 3209 :2205
1712 3125 1767 3182 h.
1798 3130 1835 3183 l.
1866 3126 1985 3181 vim
2017 3134 2193 3180 notae
2222 3125 2431 3186 Aecus.

216 3225 309 3289 τῆς
354 3210 641 3267 tribuunt.
726 3211 843 3278 Sed
882 3230 1028 3287 quae
1071 3213 1226 3271 hunc
1263 3215 1327 3268 in
1366 3210 1540 3267 finem
1582 3210 1835 3268 afferunt
1878 3209 2006 3266 loca
2036 3211 2207 3282 plane
2240 3197 2435 3267 aliena

213 3289 513 3353 sunt.1n
545 3297 678 3351 aliis
690 3299 881 3390 enim,
918 3300 1101 3356 veluti
1136 3298 1223 3353 Ps.
1258 3299 1360 3367 69,
1393 3295 1497 3352 34.
1542 3292 1656 3352 Jer.
1691 3293 1793 3369 50,
1820 3294 1920 3352 29.
1951 3287 2033 3354 ΞΝ
2065 3294 2439 3365 conjunctum

212 3390 300 3439 est
345 3398 479 3437 cum
515 3379 692 3436 verbo
734 3379 910 3469 97:²15,
970 3385 1034 3440 in
1074 3386 1240 3456 aliia,
1288 3380 1403 3439 Jer.
1432 3383 1495 3455 4,
1527 3381 1629 3438 23.
1680 3382 1779 3452 lo,
1807 3383 1867 3439 2.
1911 3367 2024 3435 Ez.
2043 3376 2107 3450 6,
2145 3381 2237 3434 10.
2254 3419 2273 3450 ,
2333 3380 2438 3438 ubi

212 3486 342 3523 eum
373 3466 510 3521 aliis
539 3464 731 3524 verbis
774 3450 1150 3541 conjunctum
1188 3477 1308 3538 est,
1351 3468 1532 3524 latine
1566 3467 1795 3541 quidem
1827 3469 1889 3522 in
1923 3463 2199 3520 vertendo
2226 3465 2434 3523 Aecus.

210 3551 466 3626 exprimi
496 3551 589 3606 vel
618 3560 827 3624 potest,
872 3556 967 3609 vel
997 3554 1195 3626 debet,
1239 3552 1337 3607 sed
1365 3570 1439 3608 ex
1470 3552 1708 3627 linguae
1738 3548 1899 3607 hebr.
1936 3549 2110 3626 genio
2141 3566 2260 3605 non
2292 3550 2434 3622 alia,

210 3654 382 3711 quam
415 3636 634 3689 usitata
671 3636 1120 3714 significatione,
1162 3638 1260 3711 ad,
1304 3653 1351 3692 s.
1385 3634 1701 3693 seeundum
1739 3632 2075 3691 sumendum
2108 3643 2212 3689 est.
2300 3635 2432 3700 Qua

134 3767 153 3772 e
206 3729 355 3795 part.
383 3715 471 3794 ,²:13
500 3728 781 3793 potestate
812 3730 1061 3792 retenta,
1099 3732 1158 3779 et
1188 3731 1389 3780 nostra
1418 3720 1593 3777 verba
1623 3721 1902 3777 vertenda
1936 3718 2243 3777 existimo:
2282 3735 2429 3774 nar-

206 3803 350 3860 rabo
399 3795 753 3875 seeundum,
787 3806 957 3877 juxta
1002 3806 1303 3864 dec-retum
1344 3805 1563 3875 levae,
1615 3823 1668 3880 q.
1699 3805 1754 3862 d.
1794 3805 1884 3862 fas
1918 3805 2028 3873 sit,
2085 3810 2268 3859 totam
2305 3821 2429 3859 rem

211 3890 484 3947 disertius
521 3907 843 3963 exponere,
894 3893 1068 3965 juxta
1103 3893 1321 3948 celebre
1355 3887 1505 3947 illud
1534 3887 1711 3946 Jovae
1752 3888 2000 3945 effatum
2089 3885 2195 3942 Vel
2229 3889 2426 3959 etiam,

210 3984 269 4029 ut
299 3976 407 4031 alii
440 3973 683 4032 volunt.
729 3975 1015 4031 mandata
1055 3974 1178 4033 Dei
1217 3976 1300 4033 ad
1343 3973 1598 4031 homines
1637 3973 1955 4052 perferam
1998 3970 2081 4025 ad
2112 3972 2427 4047 praeseri-

204 4067 389 4133 ptum,
437 4057 493 4114 h.
527 4077 575 4114 e.
608 4066 679 4114 ut
708 4056 859 4116 nihil
885 4060 1242 4117 dissimulem
1273 4059 1620 4126 simulemve.
1693 4055 1908 4117 LXX:
1956 4052 2321 4154 διαγγέλλων
2350 4048 2420 4117 τό

208 4138 557 4222 πρόςταγμα
596 4146 853 4222 Κυρίου.
914 4140 1141 4222 Κύριος
1180 4140 1314 4206 εἷπε
1356 4141 1513 4223 πρὸς·
1556 4145 1648 4214 με’.
1737 4142 1876 4200 voc.
1915 4131 2147 4215 Κυριος
2182 4162 2300 4201 non
2332 4142 2421 4199 bis

203 4228 509 4304 legerunt,
550 4227 645 4283 sed
680 4231 1109 4305 perspicuitatis
1140 4249 1313 4288 causa
1347 4229 1724 4304 repetierunt.
1812 4225 2012 4303 Syrus
2032 4224 2142 4283 hoc
2173 4230 2420 4285 incisum

207 4312 278 4366 ad
312 4312 409 4369 Vs.
446 4320 506 4373 6.
544 4311 758 4385 trahit,
827 4323 895 4371 ut
935 4326 1157 4391 partem
1206 4316 1493 4372 orationis
1542 4312 1774 4371 divinae
1816 4311 2052 4384 efficiat,
2080 4315 2417 4388 vertitque.

203 4393 334 4473 Ego
374 4397 672 4459 constitui
703 4417 902 4477 regem
936 4420 1122 4464 meum
1158 4418 1344 4481 super
1369 4396 1537 4471 Sion,
1573 4406 1825 4458 montem
1853 4398 2208 4463 sanctitatis
2237 4405 2418 4471 meae,
