2807 4913
372 301 594 386 516³„
1053 391 1056 396 ⁴
1241 243 1385 369 ΧΡο.
1430 316 1554 390 90,
1614 317 1726 365 ιο.

476 497 486 509 ’
561 493 689 551 1⁰.
745 487 881 550 Ἢιύ
932 484 1135 576 Ε”ξέιῑρ
1196 490 1332 547 hm!
1376 479 1801 567 armatu-‘³73³
1848 483 1996 545 Dies
2035 503 2325 545 annorum
2362 463 2619 543 nostro-

391 600 543 654 rum,
580 565 736 656 quod
766 556 984 632 attinet
1020 548 1458 650 {Nominativus
1485 551 1811 643 absblutus}
1840 582 1904 629 ut
1929 571 2199 651 35‚13.)‚
2234 574 2299 629 in
2328 571 2411 628 iis
2448 582 2621 669 sunt,

391 669 487 726 vel
527 663 903 721 eontinentur
942 656 1341 737 septuaginta
1381 654 1559 726 anni,
1617 652 1750 714 27:125
1802 656 2032 750 suarm?
2077 662 2348 720 ,Ἰν-’,333
2392 661 2513 718 nm
2560 656 2621 712 “-
2672 723 2675 740 Ι

392 759 593 811 autem
637 763 766 804 cum
806 741 1060 813 viribus,
1096 743 1137 798 i.
1166 760 1214 798 e.
1250 742 1304 797 si
1335 739 1613 798 firmioris
1644 722 1946 816 aliquanto
1973 736 2400 819 v‘ivacioris'que
2437 722 2616 797 figitu-

289 887 291 891 ,
391 855 494 894 rae
523 842 613 890 est
644 812 877 905 aliquis,
918 827 1234 912 octoginta
1268 824 1434 896 anni,
1479 841 1648 900 quem
1679 826 1988 883 terminum
2014 828 2422 907 longissimum
2457 825 2619 883 vitae

317 959 320 972 .
394 919 660 979 fecerunt
689 915 865 972 etiam
891 910 1302 989 Pythagorici,
1357 908 1488 969 ideo
1530 909 1708 985 primi
1738 910 2196 974 introduxerunt
2225 913 2619 968 climacterem

394 1002 812 1071 novenarium,
852 998 955 1075 qui
983 1004 1074 1054 est
1107 995 1279 1071 huius
1307 991 1589 1071 πυθμὴν
1627 1011 1730 1050 seu
1767 992 1960 1053 radix.
2025 994 2360 1054 Dictionem
2402 1002 2484 1056 na.
2488 1003 2619 1053 27·st

394 1077 827 1148 Alexandrinus
863 1078 963 1144 καὶ
998 1077 1071 1142 τό
1112 1077 1325 1141 πλεῖον
1366 1074 1599 1152 αὐτῶν,
1647 1075 1944 1178 Vulgatus
1991 1089 2055 1138 et
2095 1080 2350 1160 amplius
2391 1057 2621 1150 eorum,

397 1169 721 1233 Chaldaeus
754 1177 813 1225 et
840 1168 1031 1245 Syrus
1066 1173 1130 1222 et
1157 1165 1369 1244 plures
1406 1183 1455 1224 s.
1493 1163 1755 1221 maxima
1776 1181 1938 1243 pars
1977 1183 2185 1226 eorum.
2215 1163 2623 1235 reddiderunt,

397 1269 467 1318 ut
505 1272 709 1314 sensus
748 1254 860 1323 sit,
905 1249 1160 1309 horum’
1142 1267 1401 1351 ipsorum
1432 1249 1732 1327 octoginta
1763 1266 2051 1309 annorum
2080 1253 2357 1325 majorem
2389 1256 2621 1326 partem

403 1346 467 1402 in
477 1340 714 1402 labore
759 1347 818 1395 et
861 1336 1130 1395 molestia
1173 1323 1450 1414 transigi.
1533 1333 1672 1392 Illos
1712 1351 1853 1391 vero
1900 1338 2242 1412 interpretes
2290 1331 2341 1391 J.
2379 1332 2455 1391 D.
2497 1329 2619 1389 M1-

365 1440 659 1490 ,cussus
706 1421 772 1480 in
816 1418 1167 1500 Supplemm,
1210 1436 1267 1493 p.
1295 1421 1485 1479 2239.
1540 1418 1840 1476 existimat
1885 1421 1973 1478 ita
2018 1422 2393 1478 transtulisse
2447 1435 2518 1473 ac
2568 1417 2621 1472 si

295 1553 298 1556 -
396 1520 579 1599 tiz-'⁴25
608 1509 759 1566 idem
788 1513 944 1565 esset
973 1504 1129 1589 quod
1157 1512 1319 1591 0:³⁵2,
1375 1516 1497 1562 no'n
1527 1489 1757 1580 quidem
1792 1506 1948 1579 quod
1977 1507 2149 1562 aliter
2174 1507 2462 1585 legerint,
2517 1501 2621 1557 sed

399 1576 579 1674 qtio'd
585 1595 854 1674 ignotum
878 1591 993 1648 sibi
1014 1599 1157 1650 ΞΠἾ
1194 1609 1269 1647 ex
1299 1600 1385 1652 ,ὯἾ
1414 1589 1781 1663 interpretati
1805 1590 1944 1648 sint.
2026 1586 2239 1647 Melius
2280 1600 2476 1647 tamen
2508 1587 2618 1642 alii

400 1700 439 1740 a
464 1680 630 1739 verbi
660 1686 803 1766 :272
829 1673 1214 1754 superbiendi
1249 1676 1488 1732 notione
1529 1670 1675 1750 (vid.
1711 1670 1827 1736 Jes.
1857 1676 1918 1749 3,
1945 1674 2006 1733 5.
2050 1684 2109 1733 et
2142 1694 2354 1736 nomen
2394 1688 2617 1754 cogna-

401 1779 527 1826 tum
557 1763 652 1821 Ps.
677 1745 782 1834 4ὗ,
776 1745 903 1835 5.
945 1760 1258 1817 dictionem
1290 1769 1550 1817 nostram
1591 1751 1660 1818 τό
1695 1717 2012 1837 σαρονίίνο
2050 1778 2273 1833 eorum,
2313 1761 2351 1817 i.
2378 1778 2424 1816 e.
2458 1754 2618 1835 quod

402 1851 654 1911 maxime
686 1849 750 1903 in
779 1847 855 1902 iis
892 1844 1092 1921 (annis
1122 1843 1305 1919 vitae)
1352 1831 1648 1920 superbit,
1688 1849 1749 1898 et
1781 1835 2330 1906 excellentissimum
2361 1857 2472 1915 est,
2520 1846 2619 1902 in-

400 1941 833 2012 terpretantur‚
890 1939 958 1988 ut
983 1928 1193 1986 horum
1222 1929 1526 1988 verborum
1555 1945 1757 1985 sensus
1783 1930 1863 1986 sit
1891 1933 2057 1989 talis.
2107 1931 2374 2032 quodque
2412 1931 2479 1988 in
2506 1929 2620 1986 hae
2712 1939 2717 1944 ’

403 2022 531 2077 v'ita
556 2018 839 2094 optimum
867 2014 1112 2073 habetur
1137 2023 1196 2070 et
1223 2014 1767 2114 praeclarissimum,
1798 2023 1861 2071 et
1895 2013 1964 2073 de
1978 2035 2106 2112 quo
2132 2016 2386 2073 maxime
2413 2025 2620 2092 super-

273 2117 280 2120 ’
367 2165 370 2168 ,
401 2106 585 2176 bitur,
611 2102 673 2160 id
698 2100 864 2158 labor
891 2099 1007 2158 fuit
1035 2108 1094 2156 et
1119 2097 1343 2156 dolor.
1374 2098 1691 2157 Verborum
1723 2105 1930 2187 ῆξξετ
1962 2101 2092 2163 ιύῆπ
2132 2113 2189 2164 '5³
2209 2112 2342 2179 -Ἷξ
2386 2115 2619 2157 sensum

403 2190 550 2250 bene
582 2186 865 2263 expressit
891 2183 1252 2243 Chaldaeus&
1282 2202 1418 2240 nam
1454 2190 1771 2240 transeunt
1789 2164 2014 2264 (anni)
2049 2181 2179 2243 cum
2167 2166 2623 2257 festinatione

409 2282 474 2332 et
510 2272 752 2348 avolant
789 2288 976 2328 mane.
1063 2265 1319 2326 Verbum
1359 2281 1454 2357 τα,
1502 2269 1598 2324 cui
1630 2266 1889 2328 Hebraei
1927 2270 2274 2344 interpretes
2319 2268 2621 2351 significa·

409 2359 629 2417 tionem
661 2355 989 2413 excisionis
1029 2353 1299 2411 tribuunt
1326 2372 1401 2409 ex
1393 2336 1795 2426 conjectura,
1837 2356 2004 2431 quasi
2037 2363 2326 2435 congruat
2357 2374 2488 2412 cum
2529 2365 2621 2436 'rc-‘4

406 2442 696 2514 resecuit,
739 2439 1040 2511 totondit,
1096 2437 1501 2515 explicandum
1536 2437 1732 2512 potius
1763 2448 1855 2499 cst
1877 2440 2129 2499 Arabico
2168 2451 2285 2503 'cm
2296 2436 2455 2518 (pro
2499 2416 2621 2509 τἹΞ)

411 2527 725 2587 transivit.
812 2523 1031 2583 Sensus
1060 2532 1180 2581 est.
1223 2541 1333 2580 nos
1362 2532 1421 2579 et
1455 2532 1660 2579 nostra
1691 2526 1888 2581 omnia
1921 2527 2038 2583 cito
2070 2534 2408 2598 transeunt,
2454 2523 2621 2601 quasi

408 2613 665 2670 volatica
691 2611 832 2682 sint,
876 2610 959 2665 ita
987 2609 1101 2665 toti
1130 2606 1322 2665 subito
1348 2610 1687 2667 avolamusr
1753 2608 2182 2668 Alexandrinus
2210 2608 2385 2668 verba
2415 2619 2622 2666 nostra

408 2696 523 2763 hoc
552 2696 724 2754 modo
754 2695 1089 2752 transtulit.
1138 2681 1236 2752 ὅτι
1273 2687 1517 2770 ἐπῆλθε
1557 2712 1830 2770 πραυτης
1870 2690 1966 2769 ἐφ’
2009 2717 2190 2770 ημας,
2230 2693 2330 2756 καὶ
2368 2689 2625 2754 παιδευ-

408 2774 795 2861 θησόμεθα,
830 2818 834 2825 -
873 2796 1018 2854 quae
1059 2776 1349 2856 Vulgatus
1407 2776 1683 2853 quoniam
1735 2782 2138 2861 supervenit
2127 2778 2513 2838 mansuetudo
2557 2784 2622 2833 et

412 2866 809 2944 corripiemur
846 2861 1116 2920 reddidit.
1196 2860 1454 2934 „Vocem
1486 2862 1615 2942 vj'r}
1653 2855 1873 2939 (inquit
1902 2862 2199 2944 Agellius)
2236 2882 2412 2941 quum
2443 2860 2623 2920 Lxx

335 2990 354 3021 .·
410 2950 822 3009 transtulerint
864 2937 1169 3028 πραΰτης,
1208 2944 1629 3019 mansuetudo,
1680 2948 1954 3015 videntur
1985 2950 2056 3006 ab
2099 2961 2250 3011 Γῐῖζπτ
2292 2948 2624 3018 deduxisse,

416 3034 570 3111 quod
603 3043 691 3090 est
719 3031 918 3102 silere,
951 3032 1277 3108 quiescere,
1319 3029 1524 3130 quod
1505 3048 1566 3087 m
1598 3033 1853 3105 senibus,
1893 3034 2144 3101 motibus
2165 3014 2290 3091 mis
2315 3030 2624 3090 vehemen-

413 3118 664 3177 tioribus
695 3115 1215 3196 languescentibuS,
1262 3117 1424 3191 quies
1451 3123 1509 3171 et
1537 3117 1828 3173 silentium
1856 3119 2146 3193 succedat,
2192 3138 2321 3175 cum
2355 3118 2529 3174 irasci
2560 3124 2623 3173 et

393 3198 738 3260 ¹vehementi
771 3199 1176 3280 indignatione
1216 3201 1541 3277 permoveri
1580 3202 1841 3276 eorporis
1881 3203 2249 3261 imbecillitas
2292 3221 2411 3259 non
2449 3203 2629 3258 sinat.

412 3286 531 3344 Pro
561 3285 958 3364 corripiemur
986 3287 1052 3342 in
1078 3284 1303 3367 Graeco
1333 3292 1423 3340 est
1452 3279 2032 3363 παιδευθησόμεθα,
2060 3289 2215 3365 quod
2245 3289 2299 3344 si
2328 3286 2400 3344 ad
2431 3304 2631 3344 vocem

414 3369 737 3429 Hebraeum
776 3380 937 3456 περ)
976 3372 1365 3469 exquiramuS,
1410 3369 1713 3445 dicendum
1743 3370 1935 3430 fuerat
1964 3367 2526 3452 πετασθησόμεθα,
2567 3380 2631 3426 et

415 3455 666 3513 fortasse
704 3438 876 3512 etiam
874 3437 1087 3512 ‘LXX
1127 3455 1214 3511 sic
1244 3463 1563 3511 verterunt.
1649 3466 1705 3517 'fa
1751 3455 2006 3514 Hebraei
2041 3459 2400 3516 excisionem
2442 3458 2627 3514 inter-

419 3549 753 3616 pretantur,
812 3551 878 3595 ut
916 3557 1117 3597 sensus
1160 3540 1266 3597 sit.
1321 3538 1464 3615 quia
1504 3523 1762 3596 excelsio
1794 3550 2101 3642 properat
2140 3551 2201 3599 et
2243 3539 2625 3612 avolabimus,

275 3666 282 3669 ,
335 3690 344 3693 Ἰ
416 3624 568 3682 unde
596 3622 973 3701 Symmachus
1000 3625 1210 3682 vertit.
1256 3622 1626 3698 τμηθέντες
1637 3623 1751 3703 γὰρ
1788 3621 1957 3702 ἄφνω
1990 3621 2477 3706 ἕκπετανυμεθα,
2520 3643 2627 3681 ex-

417 3708 531 3766 cisi
571 3708 767 3765 subito
812 3707 1143 3782 avolamus,
1198 3709 1473 3767 videlicet
1509 3727 1583 3765 ex
1618 3710 1957 3787 metaphora
1997 3714 2288 3779 tonsionis
2324 3711 2628 3780 vellerum,

419 3810 567 3869 quae
600 3811 737 3850 cum
762 3803 931 3850 tonsa
968 3803 1128 3865 sunt,
1168 3811 1601 3868 nonnumquam
1631 3784 1807 3853 bento
1835 3798 2097 3872 rapiente
2126 3799 2381 3869 avolant,
2420 3806 2526 3853 aut
2555 3813 2627 3852 ex

418 3876 755 3954 metaphora
788 3877 1093 3934 messionis
1130 3882 1428 3954 segetum,
1464 3887 1532 3934 ut
1557 3877 1805 3957 figuram
1841 3880 2150 3939 herbarum
2179 3881 2451 3953 retineat,
2495 3882 2627 3957 qui·

415 3959 525 4018 bus
549 3963 738 4023 vitam
771 3961 1023 4020 hominis
1056 3963 1414 4039 comparavit
1453 3960 1584 4039 (Vs.
1615 3965 1675 4020 6.
1679 3963 1738 4038 ):
1784 3968 2016 4045 messio,
2050 3967 2278 4040 inquit,
2321 3965 2627 4043 derepente

413 4047 619 4120 venit,
659 4055 719 4103 et
745 4056 1021 4146 tanquam
1050 4047 1336 4106 demessae
1364 4055 1615 4150 segetes
1614 4051 1929 4108 avolamus.
1933 4052 1974 4085 ‘⁶
2054 4048 2303 4127 Aquilae
2337 4052 2627 4129 interpre-

414 4131 563 4188 tatio
610 4139 699 4189 est
742 4131 915 4189 talis.
975 4120 1073 4192 ὅτι
1115 4127 1466 4194 διεπέλασεν
1512 4126 1663 4212 ἀνὴρ
1716 4135 1818 4199 καὶ
1867 4131 2211 4216 ἕπετάσθη.
2296 4135 2431 4217 &³2¹1
2475 4131 2627 4192 idem

418 4214 575 4288 quod
613 4214 744 4277 ³22³&
771 4218 964 4273 valere
1001 4216 1391 4292 existimavit,
1433 4235 1663 4276 sensum
1696 4237 1835 4280 vero
1868 4222 2034 4280 verbi
2062 4201 2431 4294 διαπελάζω
2450 4218 2524 4277 ab
2555 4238 2624 4279 eo

342 4354 346 4358 .
411 4301 678 4374 usurpati
721 4302 954 4379 ignoro.
1005 4299 1260 4377 Syrus:
1316 4303 1592 4378 quoniam
1631 4305 1799 4361 venit
1837 4323 2050 4409 super
2067 4326 2177 4367 nos
2213 4303 2522 4362 humilitas
2564 4312 2628 4361 et

409 4378 656 4461 'abrepti
678 4401 895 4442 sumus.
939 4382 1090 4444 Eum
1109 4386 1503 4446 Alexandrini
1518 4390 1854 4465 interpretis
1881 4380 2155 4474 πραΰτης
2179 4409 2288 4450 suo
2318 4387 2631 4449 humilitas
