2807 4913
558 408 561 411 Δ
636 318 1743 412 120.136,6-23.1⁷s.·1.37,
1799 344 1856 386 ι.
1897 341 1960 389 2.
2262 322 2405 425 661

369 510 431 568 6.
492 503 697 595 'RN-sb
731 506 836 583 Ei,
878 506 982 589 qui
1011 503 1257 587 didus-ct
1289 522 1336 572 s,
1364 501 1693 607 expandit,
1727 506 1796 563 ef.
1825 516 1948 567 not.
1980 506 2055 567 ad
2084 505 2227 579 Gen.
2252 513 2430 585 1,.6,

196 606 256 652 et
285 594 525 653 verbum
559 597 623 651 in
653 592 776 651 Piei
805 591 916 650 Ex.
948 591 1051 662 39,
1079 584 1140 647 3.
1178 588 1290 649 Jes
1320 591 1543 663 40,19.
1630 580 1853 665 Similis
1889 592 2075 650 forma
2102 590 2438 674 participii,

191 689 388 737 exstat
414 677 510 737 Ps.
529 682 632 751 94,
650 679 709 736 9.
745 705 832 720 --
873 682 1102 761 hys-*2-
1121 669 1201 752 '22
1228 671 1434 751 Supra
1465 694 1678 750 aquas,
1711 679 1747 731 i.
1779 696 1827 741 9.
1861 679 1961 753 qui
1992 686 2205 736 terram
2232 683 2402 758 aquis

187 774 466 840 tanquam
490 720 865 821 fundamento
891 738 1304 839 superstruxit,
1349 758 1471 816 vid.
1506 754 1817 843 Ρ9.24,2.
1864 760 2064 835 91118,
2097 751 2198 827 1'6,

360 879 611 939 13.13
586 871 764 940 Ἷτέιὲ
795 872 874 933 In
904 882 1213 951 segmenta
1252 892 1331 933 sc.
1361 875 1478 933 duo
1517 874 1613 950 (ut
1644 874 1905 947 (19915,
1930 878 2078 951 17.,
2118 890 2188 937 ut
2218 882 2405 941 instar
2477 846 2481 853 ι

176 943 851 1121 ἒὲιίιῖᾳιιὶιιῖιιιιῖηςιιο
872 961 1289 1033 consisterent,
1329 970 1390 1018 et
1416 962 1846 1018 transeuntium
1875 962 2058 1033 latera
2091 965 2396 1042 stiparent.
2411 990 2430 1005 '-

231 1234 289 1310 5
355 1151 453 1292 19
394 1152 453 1210 5
509 1157 620 1231 *³³3²
650 1145 960 1219 Excussit,
1003 1145 1328 1223 prostravit
1361 1143 1751 1223 fluctibusque
1769 1147 1997 1224 obruit,
2037 1148 2153 1211 Ex.
2181 1152 2281 1227 14,
2297 1154 2396 1213 27.
2475 1100 2482 1105 Ι
2533 1226 2536 1231 μ

186 1237 219 1293 1
326 1237 352 1291 l
2481 1256 2484 1259 ’

353 1337 454 1393 23.
537 1325 633 1420 ηιξ
686 1339 814 1420 331
859 1324 1142 1423 nahem&
1185 1326 1310 1399 Qus·
1351 1329 1418 1386 in
1458 1327 1870 1392 humiliatione
1907 1342 2159 1409 nostra,
2220 1356 2396 1414 quum

166 1422 492 1497 jaceremus
540 1399 835 1493 oppressi,
897 1430 1116 1471 memor
1105 1395 1290 1486 fuit
1331 1416 1561 1487 nostri,
1617 1410 1686 1478 3·
1701 1423 1793 1472 est
1837 1408 1978 1476 u'ota
2019 1420 2233 1511 objecti
2253 1462 2271 1494 ,
2325 1433 2404 1481 ιιι

172 1506 277 1564 Vs.
309 1507 409 1564 19.
436 1505 537 1561 2⁰.
586 1502 800 1560 2Sam.
831 1500 893 1572 3,
919 1500 1021 1557 30.
1103 1497 1387 1556 Videntur
1420 1508 1614 1558 autem
1646 1498 1788 1561 haec
1818 1502 1996 1563 verba
2019 1494 2097 1561 ‘ad
2126 1508 2395 1589 antiquas

174 1591 536 1647 calamitates
561 1587 760 1662 populi
787 1540 1090 1641 ref’erenda
1114 1601 1258 1655 esse,
1290 1601 1411 1640 non
1435 1583 1510 1640 ad
1536 1586 1681 1659 ejus
1670 1588 1988 1662 temporis,
2019 1608 2135 1668 quo
2164 1604 2393 1677 carmen

177 1673 399 1732 factum
437 1681 562 1745 est,
606 1681 676 1728 ut
710 1666 1098 1747 respondeant
1133 1665 1625 1746 praecedentibus.

1121 1852 1171 1917 P
1191 1872 1244 1914 s.
1314 1854 1453 1914 137.

349 1974 667 2034 Testantur
696 1976 902 2037 musici
936 1984 995 2041 ,et
1027 1984 1293 2035 cantores
1325 1976 1522 2052 templi
1551 1979 2172 2051 suamconstantiam,
2221 1998 2416 2059 quam,
2476 2039 2482 2044 ,

178 2063 243 2119 19
286 2062 466 2119 exilio
512 2063 667 2119 inter
696 2062 906 2131 ,hostes
954 2062 1093 2119 olim
1144 2066 1332 2134 suos,
1388 2062 1756 2136 postulantes
1806 2060 2036 2121 cantica
2085 2074 2143 2122 et
2163 2067 2392 2125 ,modos

176 2148 467 2226 ipsorum,
510 2148 942 2221 praestiterint,
995 2155 1054 2204 et
1086 2163 1258 2220 quam
1288 2145 1468 2202 libere
1498 2147 1892 2204 recusaverint
1928 2147 2420 2223 profanationem,

174 2249 476 2299 sacrorum
505 2234 857 2302 carminum,
896 2229 1098 2289 addita
1130 2229 1600 2304 imprecatione,.
1621 2248 1793 2305 quam
1823 2236 2235 2307 usurpaverint
2267 2245 2389 2294 tum

172 2315 450 2379 adversus
479 2334 601 2388 999,
632 2317 734 2393 qui
760 2317 934 2373 talem
961 2311 1424 2389 profanationem
1455 2313 1580 2383 ab
1557 2316 1699 2389 ipsis
1727 2314 2027 2391 postulare
2053 2321 2181 2375 ausi
2211 2318 2389 2379 fuere.

126 2444 133 2458 .
177 2397 425 2460 Carmen
451 2418 573 2458 non
604 2401 730 2476 ipso
760 2398 1028 2455 durantis
1057 2398 1224 2454 exilii
1253 2405 1551 2471 tempore,
1576 2398 1684 2478 999
1706 2408 1925 2499 postea,
1958 2420 2133 2478 quum
2166 2404 2416 2476 dimissi·

174 2495 399 2556 essent,
453 2493 518 2541 ct
559 2481 893 2542 conditione
937 2483 1077 2554 tali,
1134 2501 1248 2558 qua
1291 2492 1524 2557 possent
1563 2479 1799 2562 organis
1836 2488 2075 2550 musicis
2114 2491 2235 2552 suis
2266 2492 2428 2563 ,iarn-¹

174 2578 334 2625 recte
361 2570 486 2639 uti,
534 2568 753 2625 editum
782 2585 942 2638 esse,
983 2566 1235 2640 ostendit
1267 2574 1326 2622 et
1359 2584 1455 2623 res
1486 2568 1644 2644 ipsa,
1688 2575 1746 2626 et
1777 2570 2085 2628 verborum
2114 2576 2396 2651 temporis

176 2653 476 2728 praeteriti
513 2670 652 2711 usus
684 2653 750 2710 in
781 2649 1054 2709 Versibus
1087 2631 1398 2737 prioribus.

347 2771 404 2826 1.
488 2764 609 2854 333
662 2771 921 2829 n'fflm-
936 2762 1014 2846 ’,ιζ
1051 2765 1150 2823 Ad
1176 2766 1437 2843 flumina
1475 2764 1829 2842 Babylonis,
1880 2786 2000 2826 999
2040 2716 2234 2843 urbis,
2273 2725 2388 2832 9941

174 2855 379 2930 regni,
436 2872 537 2929 per
548 2832 731 2929 quod
768 2832 1015 2928 dispersi
1047 2851 1339 2909 vivebant.
1425 2848 1695 2909 Flumina
1733 2853 1919 2930 igitur
1953 2855 2064 2911 1119
2097 2863 2238 2924 sunt
2266 2856 2389 2913 Eu-
2407 2879 2410 2886 ·

154 2937 408 3013 ·phrates
437 2947 497 2995 et
523 2937 748 3018 Tigris,
792 2939 930 2994 item
962 2933 1258 2993 Chaboras
1291 2934 1396 2992 Ez.
1420 2935 1476 3007 1,
1501 2935 1559 2991 3.
1603 2935 1666 3014 3,
1699 2936 1827 3008 15.,
1868 2946 1926 2993 et
1955 2937 2210 2996 Eulaeus
2235 2938 2386 2997 Dan.

177 3024 240 3094 8,
269 3024 329 3080 2.
412 3020 743 3079 Fluminum
773 3022 991 3079 mentio
1023 3018 1231 3076 forsan
1259 3038 1325 3076 eo
1357 3020 1644 3093 pertinet,
1687 3022 1844 3096 quod
1875 3039 2209 3102 synagogae
2236 3023 2416 3098 apud=

172 3105 415 3165 flumina
459 3106 630 3164 condi
670 3093 961 3178 solerent,
1010 3106 1148 3180 quia
1179 3101 1385 3160 Iudaei
1414 3103 1681 3161 obstricti
1714 3114 1884 3163 erant
1915 3107 1988 3164 ad
2021 3124 2225 3164 manus
2254 3125 2387 3163 suas
2413 3141 2414 3144 =

172 3200 310 3248 ante
338 3209 536 3268 preces
566 3191 897 3262 abluendas,
930 3192 1034 3248 illa
1062 3208 1199 3246 vero
1227 3189 1491 3265 puriores
1520 3206 1704 3264 aquas
1720 3191 2188 3263 subministrant,
2216 3209 2386 3267 quam

173 3275 292 3332 alia
323 3294 599 3352 aquarum
625 3277 1006 3352 receptacula.
1063 3272 1150 3332 cf.
1177 3273 1288 3332 das
1318 3290 1378 3329 a.
1400 3292 1459 3329 ιι.
1478 3270 1846 3351 n.Morgonl.
1881 3274 1937 3331 P.
1954 3273 2049 3334 Vl.
2077 3277 2245 3350 pao.
2264 3294 2387 3352 sqq.

174 3359 341 3419 Unde
372 3370 430 3418 et
461 3360 752 3437 prophetis
780 3362 842 3416 in
869 3361 1048 3418 exilio
1072 3356 1414 3437 degentibus
1440 3358 1696 3415 visiones
1724 3360 1796 3416 ad
1818 3358 2059 3417 flumina
2089 3361 2390 3418 obvenisse

171 3447 421 3524 legimus
458 3444 606 3501 19919
638 3458 772 3502 ante
804 3444 1071 3503 laudatis.
1159 3442 1283 3502 Alii
1315 3442 1550 3499 exsules
1579 3439 1653 3498 ad
1679 3442 2063 3519 Euphratem,
2118 3445 2417 3502 oeciden··

173 3530 352 3588 talem
388 3528 742 3603 Babyloniae
779 3530 1121 3598 terminum,
1176 3526 1502 3583 consedisse
1544 3534 1783 3601 putant,
1842 3529 2009 3585 vultu
2049 3529 2121 3586 ad
2167 3531 2391 3605 patriae
2491 3575 2494 3580 .

172 3625 388 3688 terrae,
418 3613 579 3686 cujus
608 3613 893 3672 desiderio
924 3612 1287 3682 tenebantur,
1317 3612 1516 3689 plagas
1547 3626 1847 3667 converso.
1923 3609 2128 3670 Sionis
2168 3614 2384 3670 mentio

175 3700 467 3771 ostendit,
514 3716 635 3755 non
659 3708 777 3754 tam
807 3694 877 3753 de
907 3698 1130 3772 patria,
1169 3692 1534 3765 Palaestina,
1580 3695 1695 3751 etsi
1728 3695 1798 3753 de
1827 3696 1937 3764 hac
1966 3699 2171 3770 etiam,
2214 3714 2386 3772 quam

176 3782 249 3841 de
289 3786 448 3842 cultu
492 3790 551 3839 et
595 3781 726 3839 1999
769 3783 957 3839 cultus
997 3780 1185 3840 divini
1226 3778 1480 3837 doluisse
1525 3780 1723 3837 exules
1768 3782 1898 3858 pios
1940 3783 2077 3840 illos
2114 3782 2387 3854 musicos,

178 3868 516 3942 praesertim
552 3866 679 3926 fani
712 3865 957 3924 Sionici.

346 3970 404 4026 2.
474 3966 657 4036 ,Quod
697 3963 974 4023 citharas
1018 3982 1160 4023 suas
1203 3964 1287 4022 ad
1330 3964 1558 4022 vicinas
1609 3962 1943 4024 fluminibus
1989 3965 2121 4021 istis
2171 3963 2408 4021 salices-

180 4069 242 4108 se
272 4048 436 4122 ajunt
463 4050 878 4130 suspendisse,
918 4049 1253 4127 significant
1281 4066 1621 4125 suspensum
1648 4052 1901 4132 musicae
1926 4067 2090 4107 usum
2108 4066 2136 4106 z·
2166 4066 2390 4128 organa

181 4136 436 4208 musica,
486 4134 613 4193 Deo
657 4145 1026 4205 consecrata,
1081 4136 1269 4191 otiosa
1313 4132 1672 4212 pendebant,
1739 4153 1848 4192 nec
1891 4135 1961 4192 de
1999 4152 2159 4191 more
2202 4140 2272 4190 941
2320 4152 2387 4190 99

181 4236 388 4278 canere
415 4222 738 4293 potuimus,
794 4219 895 4278 sed
927 4220 1157 4276 tristem
1187 4220 1366 4276 vitam
1402 4219 1466 4274 19
1499 4220 1763 4281 luctuoso
1796 4220 2029 4277 silentio
2070 4220 2400 4298 transigere¹

186 4306 374 4361 coacti
404 4301 638 4360 fuimus.
724 4309 931 4364 minz
977 4299 1054 4360 In
1097 4302 1280 4359 medio
1321 4300 1453 4373 ejus
1497 4321 1581 4362 99.
1622 4301 1743 4367 533
1780 4313 1956 4391 γης,
2003 4322 2109 4390 pro
2142 4302 2390 4378 simplici

186 4403 272 4450 '²32
305 4390 379 4447 iu
419 4405 510 4448 ea.
604 4371 1019 4465 cithararum,
1065 4390 1248 4449 τιῆἾῆΞ
1256 4397 1332 4466 3,
1393 4387 1539 4444 alias
1580 4392 1642 4446 iu
1679 4368 2121 4460 solemnioribus
2164 4385 2393 4467 gaudiis
