<?xml version="1.0" encoding="UTF-8"?>
<!DOCTYPE html PUBLIC "-//W3C//DTD XHTML 1.0 Transitional//EN"
    "http://www.w3.org/TR/xhtml1/DTD/xhtml1-transitional.dtd">
<html xmlns="http://www.w3.org/1999/xhtml" xml:lang="en" lang="en">
 <head>
  <title>
</title>
<meta http-equiv="Content-Type" content="text/html;charset=utf-8" />
  <meta name='ocr-system' content='tesseract 3.04.00' />
  <meta name='ocr-capabilities' content='ocr_page ocr_carea ocr_par ocr_line ocrx_word'/>
</head>
<body>
  <div class='ocr_page' id='page_1' title='image "./scholiainpsalmo00rosegoog_0116.png"; bbox 0 0 2807 4913; ppageno 0'>
   <div class='ocr_carea' id='block_1_1' title="bbox 350 231 1940 369">
    <p class='ocr_par' dir='ltr' id='par_1_1' title="bbox 350 231 1940 369">
     <span class='ocr_line' id='line_1_1' title="bbox 350 231 1940 369; baseline -0.008 -20"><span class='ocrx_word' id='word_1_1' title='bbox 350 231 527 349; x_wconf 74' lang='grc' dir='ltr'><strong>108Ι</strong></span> <span class='ocrx_word' id='word_1_2' title='bbox 956 278 1081 345; x_wconf 61' lang='grc' dir='ltr'><strong>Ρ..</strong></span> <span class='ocrx_word' id='word_1_3' title='bbox 1133 297 1245 369; x_wconf 85' lang='lat'><strong>17,</strong></span> <span class='ocrx_word' id='word_1_4' title='bbox 1309 275 1423 341; x_wconf 77' lang='grc' dir='ltr'><strong>ιι.</strong></span> <span class='ocrx_word' id='word_1_5' title='bbox 1471 273 1578 343; x_wconf 76' lang='lat'><strong>15.</strong></span> <span class='ocrx_word' id='word_1_6' title='bbox 1658 279 1784 345; x_wconf 52' lang='lat' dir='ltr'><strong>Pa.</strong></span> <span class='ocrx_word' id='word_1_7' title='bbox 1831 272 1940 340; x_wconf 74' lang='grc' dir='ltr'><strong>ιε.</strong></span> 
     </span>
    </p>
   </div>
   <div class='ocr_carea' id='block_1_2' title="bbox 336 454 2580 1111">
    <p class='ocr_par' dir='ltr' id='par_1_2' title="bbox 336 454 2580 1111">
     <span class='ocr_line' id='line_1_2' title="bbox 346 454 2580 553; baseline -0.004 -32"><span class='ocrx_word' id='word_1_8' title='bbox 346 462 423 521; x_wconf 82' lang='lat' dir='ltr'><strong>ad</strong></span> <span class='ocrx_word' id='word_1_9' title='bbox 463 463 647 521; x_wconf 77' lang='lat' dir='ltr'><strong>vitam</strong></span> <span class='ocrx_word' id='word_1_10' title='bbox 684 454 937 534; x_wconf 68' lang='lat' dir='ltr'><strong>jucunde</strong></span> <span class='ocrx_word' id='word_1_11' title='bbox 974 458 1392 537; x_wconf 74' lang='lat' dir='ltr'>perducendam</span> <span class='ocrx_word' id='word_1_12' title='bbox 1425 459 1675 520; x_wconf 74' lang='lat' dir='ltr'><strong>faciunt.</strong></span> <span class='ocrx_word' id='word_1_13' title='bbox 1757 465 1902 547; x_wconf 57' lang='lat'><strong>2:³22</strong></span> <span class='ocrx_word' id='word_1_14' title='bbox 1941 462 2134 553; x_wconf 50' lang='grc' dir='ltr'><strong>θεῷ’</strong></span> <span class='ocrx_word' id='word_1_15' title='bbox 2176 454 2580 521; x_wconf 61' lang='lat' dir='ltr'><strong>Satur-antur</strong></span> 
     </span>
     <span class='ocr_line' id='line_1_3' title="bbox 336 527 2566 622; baseline -0.002 -19"><span class='ocrx_word' id='word_1_16' title='bbox 336 545 491 622; x_wconf 75' lang='lat' dir='ltr'><strong>filii,</strong></span> <span class='ocrx_word' id='word_1_17' title='bbox 526 547 614 604; x_wconf 87' lang='lat' dir='ltr'><strong>ita</strong></span> <span class='ocrx_word' id='word_1_18' title='bbox 645 546 871 603; x_wconf 82' lang='lat' dir='ltr'><strong>divitiis</strong></span> <span class='ocrx_word' id='word_1_19' title='bbox 899 545 1228 617; x_wconf 84' lang='lat' dir='ltr'><strong>abundant,</strong></span> <span class='ocrx_word' id='word_1_20' title='bbox 1267 554 1335 601; x_wconf 85' lang='lat' dir='ltr'><strong>ut</strong></span> <span class='ocrx_word' id='word_1_21' title='bbox 1362 562 1547 620; x_wconf 89' lang='lat' dir='ltr'><strong>neque</strong></span> <span class='ocrx_word' id='word_1_22' title='bbox 1571 544 1689 619; x_wconf 87' lang='lat' dir='ltr'><strong>ipsi</strong></span> <span class='ocrx_word' id='word_1_23' title='bbox 1716 560 1902 619; x_wconf 88' lang='lat' dir='ltr'><strong>neque</strong></span> <span class='ocrx_word' id='word_1_24' title='bbox 1934 527 2131 602; x_wconf 82' lang='lat' dir='ltr'><strong>liber&#39;i</strong></span> <span class='ocrx_word' id='word_1_25' title='bbox 2132 561 2333 600; x_wconf 84' lang='lat' dir='ltr'><strong>eorum</strong></span> <span class='ocrx_word' id='word_1_26' title='bbox 2363 542 2566 616; x_wconf 74' lang='lat' dir='ltr'><strong>aliqua</strong></span> 
     </span>
     <span class='ocr_line' id='line_1_4' title="bbox 348 623 2566 720; baseline -0.004 -31"><span class='ocrx_word' id='word_1_27' title='bbox 348 639 689 709; x_wconf 84' lang='lat' dir='ltr'><strong>premantur</strong></span> <span class='ocrx_word' id='word_1_28' title='bbox 713 632 958 706; x_wconf 85' lang='lat' dir='ltr'><strong>penuria</strong></span> <span class='ocrx_word' id='word_1_29' title='bbox 987 625 1128 687; x_wconf 86' lang='lat' dir='ltr'><strong>adeo</strong></span> <span class='ocrx_word' id='word_1_30' title='bbox 1160 638 1226 686; x_wconf 82' lang='lat' dir='ltr'><strong>ut</strong></span> <span class='ocrx_word' id='word_1_31' title='bbox 1258 624 1417 708; x_wconf 37' lang='lat' dir='ltr'><strong>tir-1³2⁸</strong></span> <span class='ocrx_word' id='word_1_32' title='bbox 1420 623 1567 720; x_wconf 59' lang='grc' dir='ltr'><strong>ξῆυξ</strong></span> <span class='ocrx_word' id='word_1_33' title='bbox 1604 634 1769 715; x_wconf 54' lang='lat' dir='ltr'><strong>mn*</strong></span> <span class='ocrx_word' id='word_1_34' title='bbox 1812 636 2035 719; x_wconf 63' lang='lat'><strong>71&#39;1&#39;2&#39;77</strong></span> <span class='ocrx_word' id='word_1_35' title='bbox 2068 629 2251 685; x_wconf 78' lang='lat' dir='ltr'><strong>etiam</strong></span> <span class='ocrx_word' id='word_1_36' title='bbox 2278 625 2566 705; x_wconf 69' lang='lat' dir='ltr'><strong>parvulis,</strong></span> 
     </span>
     <span class='ocr_line' id='line_1_5' title="bbox 348 688 2567 790; baseline -0.001 -19"><span class='ocrx_word' id='word_1_37' title='bbox 348 733 552 772; x_wconf 79' lang='lat' dir='ltr'><strong>eorum</strong></span> <span class='ocrx_word' id='word_1_38' title='bbox 592 733 674 771; x_wconf 85' lang='lat' dir='ltr'><strong>sc.</strong></span> <span class='ocrx_word' id='word_1_39' title='bbox 712 715 1005 787; x_wconf 86' lang='lat' dir='ltr'><strong>filiorum,</strong></span> <span class='ocrx_word' id='word_1_40' title='bbox 1056 717 1098 770; x_wconf 90' lang='lat' dir='ltr'><strong>i.</strong></span> <span class='ocrx_word' id='word_1_41' title='bbox 1127 731 1177 772; x_wconf 88' lang='lat' dir='ltr'><strong>e.</strong></span> <span class='ocrx_word' id='word_1_42' title='bbox 1220 693 1528 788; x_wconf 78' lang='lat' dir='ltr'><strong>nep‘btibus</strong></span> <span class='ocrx_word' id='word_1_43' title='bbox 1550 688 1902 785; x_wconf 58' lang='lat' dir='ltr'><strong>residuum,</strong></span> <span class='ocrx_word' id='word_1_44' title='bbox 1961 694 2116 790; x_wconf 75' lang='lat' dir='ltr'><strong>qiiod</strong></span> <span class='ocrx_word' id='word_1_45' title='bbox 2157 714 2393 784; x_wconf 84' lang='lat' dir='ltr'><strong>ipsimet</strong></span> <span class='ocrx_word' id='word_1_46' title='bbox 2431 729 2567 768; x_wconf 84' lang='lat' dir='ltr'><strong>cum</strong></span> 
     </span>
     <span class='ocr_line' id='line_1_6' title="bbox 348 796 2569 875; baseline -0.003 -19"><span class='ocrx_word' id='word_1_47' title='bbox 348 799 513 873; x_wconf 80' lang='lat' dir='ltr'><strong>filiis,</strong></span> <span class='ocrx_word' id='word_1_48' title='bbox 555 798 695 856; x_wconf 91' lang='lat' dir='ltr'><strong>dum</strong></span> <span class='ocrx_word' id='word_1_49' title='bbox 762 800 963 871; x_wconf 80' lang='lat' dir='ltr'><strong>’,vunt</strong></span> <span class='ocrx_word' id='word_1_50' title='bbox 1004 799 1301 855; x_wconf 74' lang='lat' dir='ltr'><strong>absumere</strong></span> <span class='ocrx_word' id='word_1_51' title='bbox 1329 806 1643 872; x_wconf 86' lang='lat' dir='ltr'><strong>nequeunt,</strong></span> <span class='ocrx_word' id='word_1_52' title='bbox 1684 805 2000 875; x_wconf 76' lang='lat' dir='ltr'><strong><em>reponant.</em></strong></span> <span class='ocrx_word' id='word_1_53' title='bbox 2084 796 2300 855; x_wconf 82' lang='lat' dir='ltr'>Mirum</span> <span class='ocrx_word' id='word_1_54' title='bbox 2337 796 2403 850; x_wconf 89' lang='lat' dir='ltr'><strong>in</strong></span> <span class='ocrx_word' id='word_1_55' title='bbox 2432 813 2569 850; x_wconf 86' lang='lat' dir='ltr'><strong>mo-</strong></span> 
     </span>
     <span class='ocr_line' id='line_1_7' title="bbox 352 876 2569 959; baseline -0.004 -18"><span class='ocrx_word' id='word_1_56' title='bbox 352 884 489 941; x_wconf 78' lang='lat' dir='ltr'><strong>dum</strong></span> <span class='ocrx_word' id='word_1_57' title='bbox 527 886 591 941; x_wconf 86' lang='lat' dir='ltr'><strong>in</strong></span> <span class='ocrx_word' id='word_1_58' title='bbox 614 883 748 940; x_wconf 87' lang='lat' dir='ltr'><strong>boc</strong></span> <span class='ocrx_word' id='word_1_59' title='bbox 784 883 887 941; x_wconf 84' lang='lat' dir='ltr'><strong>Vs.</strong></span> <span class='ocrx_word' id='word_1_60' title='bbox 932 882 1364 959; x_wconf 88' lang='lat' dir='ltr'><strong>interpretando</strong></span> <span class='ocrx_word' id='word_1_61' title='bbox 1414 878 1719 938; x_wconf 88' lang='lat' dir='ltr'><strong>discedunt</strong></span> <span class='ocrx_word' id='word_1_62' title='bbox 1759 893 2018 953; x_wconf 81' lang='lat' dir='ltr'><strong>veteres,</strong></span> <span class='ocrx_word' id='word_1_63' title='bbox 2075 876 2323 958; x_wconf 72' lang='lat' dir='ltr'><strong>quorum</strong></span> <span class='ocrx_word' id='word_1_64' title='bbox 2368 889 2569 935; x_wconf 88' lang='lat' dir='ltr'><strong>tamen</strong></span> 
     </span>
     <span class='ocr_line' id='line_1_8' title="bbox 351 962 2569 1039; baseline -0.003 -16"><span class='ocrx_word' id='word_1_65' title='bbox 351 971 666 1025; x_wconf 84' lang='lat' dir='ltr'><strong>sententias</strong></span> <span class='ocrx_word' id='word_1_66' title='bbox 711 968 1043 1025; x_wconf 84' lang='lat' dir='ltr'><strong>examinare</strong></span> <span class='ocrx_word' id='word_1_67' title='bbox 1088 986 1208 1025; x_wconf 91' lang='lat' dir='ltr'><strong>non</strong></span> <span class='ocrx_word' id='word_1_68' title='bbox 1250 974 1340 1022; x_wconf 88' lang='lat' dir='ltr'><strong>est</strong></span> <span class='ocrx_word' id='word_1_69' title='bbox 1381 962 1554 1038; x_wconf 85' lang='lat' dir='ltr'><strong>hujus</strong></span> <span class='ocrx_word' id='word_1_70' title='bbox 1595 965 1728 1023; x_wconf 87' lang='lat' dir='ltr'><strong>loci.</strong></span> <span class='ocrx_word' id='word_1_71' title='bbox 1812 968 1929 1036; x_wconf 77' lang='lat' dir='ltr'><strong>Qui</strong></span> <span class='ocrx_word' id='word_1_72' title='bbox 1973 968 2106 1024; x_wconf 85' lang='lat' dir='ltr'><strong>illas</strong></span> <span class='ocrx_word' id='word_1_73' title='bbox 2150 967 2300 1022; x_wconf 88' lang='lat' dir='ltr'><strong>scire</strong></span> <span class='ocrx_word' id='word_1_74' title='bbox 2343 964 2569 1039; x_wconf 84' lang='lat' dir='ltr'><strong>cupiat,</strong></span> 
     </span>
     <span class='ocr_line' id='line_1_9' title="bbox 353 1051 1374 1111; baseline -0.005 0"><span class='ocrx_word' id='word_1_75' title='bbox 353 1054 525 1111; x_wconf 67' lang='lat' dir='ltr'><strong>adeat</strong></span> <span class='ocrx_word' id='word_1_76' title='bbox 564 1051 806 1111; x_wconf 79' lang='lat' dir='ltr'><strong>Scholia</strong></span> <span class='ocrx_word' id='word_1_77' title='bbox 843 1062 1044 1110; x_wconf 88' lang='lat' dir='ltr'><strong>nostra</strong></span> <span class='ocrx_word' id='word_1_78' title='bbox 1085 1051 1374 1109; x_wconf 82' lang='lat' dir='ltr'>uberiora.</span> 
     </span>
    </p>
   </div>
   <div class='ocr_carea' id='block_1_3' title="bbox 328 1141 2579 2450">
    <p class='ocr_par' dir='ltr' id='par_1_3' title="bbox 328 1141 2579 2438">
     <span class='ocr_line' id='line_1_10' title="bbox 522 1141 2571 1240; baseline -0.003 -14"><span class='ocrx_word' id='word_1_79' title='bbox 522 1167 635 1228; x_wconf 87' lang='grc'><strong>15.</strong></span> <span class='ocrx_word' id='word_1_80' title='bbox 702 1168 827 1227; x_wconf 89' lang='lat' dir='ltr'><strong>Illis</strong></span> <span class='ocrx_word' id='word_1_81' title='bbox 858 1141 1209 1240; x_wconf 83' lang='lat' dir='ltr'><strong>hominibus,</strong></span> <span class='ocrx_word' id='word_1_82' title='bbox 1249 1167 1513 1227; x_wconf 89' lang='lat' dir='ltr'><strong>omnibus</strong></span> <span class='ocrx_word' id='word_1_83' title='bbox 1544 1170 1701 1227; x_wconf 83' lang='lat' dir='ltr'><strong>vitae</strong></span> <span class='ocrx_word' id='word_1_84' title='bbox 1734 1168 1955 1226; x_wconf 87' lang='lat' dir='ltr'><strong>deliciis</strong></span> <span class='ocrx_word' id='word_1_85' title='bbox 1986 1165 2373 1236; x_wconf 87' lang='lat' dir='ltr'><strong>affluentibus,</strong></span> <span class='ocrx_word' id='word_1_86' title='bbox 2409 1182 2571 1221; x_wconf 84' lang='lat' dir='ltr'><strong>nunc</strong></span> 
     </span>
     <span class='ocr_line' id='line_1_11' title="bbox 353 1248 2566 1339; baseline -0.002 -30"><span class='ocrx_word' id='word_1_87' title='bbox 353 1269 417 1309; x_wconf 81' lang='lat' dir='ltr'><strong>se</strong></span> <span class='ocrx_word' id='word_1_88' title='bbox 459 1255 732 1330; x_wconf 88' lang='lat' dir='ltr'><strong>opponit,</strong></span> <span class='ocrx_word' id='word_1_89' title='bbox 791 1264 849 1312; x_wconf 89' lang='lat' dir='ltr'><strong>et</strong></span> <span class='ocrx_word' id='word_1_90' title='bbox 886 1273 1085 1312; x_wconf 88' lang='lat' dir='ltr'><strong>eorum</strong></span> <span class='ocrx_word' id='word_1_91' title='bbox 1125 1252 1396 1311; x_wconf 83' lang='lat' dir='ltr'><strong>felicitati</strong></span> <span class='ocrx_word' id='word_1_92' title='bbox 1431 1272 1592 1312; x_wconf 88' lang='lat' dir='ltr'><strong>suam</strong></span> <span class='ocrx_word' id='word_1_93' title='bbox 1634 1252 1900 1329; x_wconf 84' lang='lat' dir='ltr'><strong>praefert.</strong></span> <span class='ocrx_word' id='word_1_94' title='bbox 1989 1260 2137 1339; x_wconf 66' lang='lat'><strong>7³23&gt;</strong></span> <span class='ocrx_word' id='word_1_95' title='bbox 2168 1279 2254 1294; x_wconf 84' lang='lat'><strong>--</strong></span> <span class='ocrx_word' id='word_1_96' title='bbox 2287 1262 2386 1311; x_wconf 40' lang='grc' dir='ltr'><strong>’κει</strong></span> <span class='ocrx_word' id='word_1_97' title='bbox 2427 1248 2566 1323; x_wconf 75' lang='lat' dir='ltr'><strong>Ego</strong></span> 
     </span>
     <span class='ocr_line' id='line_1_12' title="bbox 355 1318 2571 1413; baseline -0.003 -20"><span class='ocrx_word' id='word_1_98' title='bbox 355 1336 420 1394; x_wconf 74' lang='lat' dir='ltr'><strong>in</strong></span> <span class='ocrx_word' id='word_1_99' title='bbox 453 1338 751 1411; x_wconf 79' lang='lat' dir='ltr'><strong>justitia,</strong></span> <span class='ocrx_word' id='word_1_100' title='bbox 801 1340 843 1395; x_wconf 87' lang='lat' dir='ltr'><strong>i.</strong></span> <span class='ocrx_word' id='word_1_101' title='bbox 882 1358 930 1395; x_wconf 87' lang='lat' dir='ltr'><strong>e.</strong></span> <span class='ocrx_word' id='word_1_102' title='bbox 966 1339 1192 1413; x_wconf 81' lang='lat' dir='ltr'><strong>justus,</strong></span> <span class='ocrx_word' id='word_1_103' title='bbox 1245 1341 1560 1412; x_wconf 80' lang='lat' dir='ltr'><strong>innocens,</strong></span> <span class='ocrx_word' id='word_1_104' title='bbox 1616 1336 1819 1395; x_wconf 76' lang='lat' dir='ltr'><strong>videbo</strong></span> <span class='ocrx_word' id='word_1_105' title='bbox 1855 1335 2093 1409; x_wconf 76' lang='lat' dir='ltr'><strong>faciem</strong></span> <span class='ocrx_word' id='word_1_106' title='bbox 2137 1345 2317 1392; x_wconf 83' lang='lat' dir='ltr'><strong>tuam.</strong></span> <span class='ocrx_word' id='word_1_107' title='bbox 2353 1318 2571 1403; x_wconf 78' lang='lat' dir='ltr'><strong>Quae</strong></span> 
     </span>
     <span class='ocr_line' id='line_1_13' title="bbox 352 1420 2572 1499; baseline -0.003 -21"><span class='ocrx_word' id='word_1_108' title='bbox 352 1424 531 1481; x_wconf 76' lang='lat' dir='ltr'><strong>verba</strong></span> <span class='ocrx_word' id='word_1_109' title='bbox 565 1422 799 1482; x_wconf 88' lang='lat' dir='ltr'><strong>Kimcbi</strong></span> <span class='ocrx_word' id='word_1_110' title='bbox 835 1423 1005 1483; x_wconf 79' lang='lat' dir='ltr'><strong>bens</strong></span> <span class='ocrx_word' id='word_1_111' title='bbox 1021 1424 1306 1499; x_wconf 82' lang='lat' dir='ltr'><strong>explicat.</strong></span> <span class='ocrx_word' id='word_1_112' title='bbox 1367 1423 1661 1499; x_wconf 87' lang='lat' dir='ltr'><strong>improbos</strong></span> <span class='ocrx_word' id='word_1_113' title='bbox 1697 1424 1760 1479; x_wconf 91' lang='lat' dir='ltr'><strong>in</strong></span> <span class='ocrx_word' id='word_1_114' title='bbox 1790 1420 1990 1478; x_wconf 86' lang='lat' dir='ltr'><strong>futura</strong></span> <span class='ocrx_word' id='word_1_115' title='bbox 2022 1421 2142 1476; x_wconf 79' lang='lat' dir='ltr'><strong>vita</strong></span> <span class='ocrx_word' id='word_1_116' title='bbox 2174 1422 2338 1477; x_wconf 88' lang='lat' dir='ltr'><strong>nulla</strong></span> <span class='ocrx_word' id='word_1_117' title='bbox 2372 1427 2572 1477; x_wconf 86' lang='lat' dir='ltr'><strong>manet</strong></span> 
     </span>
     <span class='ocr_line' id='line_1_14' title="bbox 328 1504 2572 1590; baseline -0.003 -27"><span class='ocrx_word' id='word_1_118' title='bbox 328 1504 639 1579; x_wconf 60' lang='lat' dir='ltr'><strong>,felicitas3</strong></span> <span class='ocrx_word' id='word_1_119' title='bbox 696 1528 807 1589; x_wconf 87' lang='lat' dir='ltr'><strong>ego</strong></span> <span class='ocrx_word' id='word_1_120' title='bbox 846 1525 987 1566; x_wconf 83' lang='lat' dir='ltr'><strong>vero</strong></span> <span class='ocrx_word' id='word_1_121' title='bbox 1022 1526 1178 1590; x_wconf 87' lang='lat' dir='ltr'><strong>non,</strong></span> <span class='ocrx_word' id='word_1_122' title='bbox 1220 1518 1289 1563; x_wconf 89' lang='lat' dir='ltr'><strong>ut</strong></span> <span class='ocrx_word' id='word_1_123' title='bbox 1330 1508 1453 1580; x_wconf 87' lang='lat' dir='ltr'><strong>illi,</strong></span> <span class='ocrx_word' id='word_1_124' title='bbox 1509 1511 1727 1567; x_wconf 83' lang='lat' dir='ltr'><strong>lautam</strong></span> <span class='ocrx_word' id='word_1_125' title='bbox 1764 1508 1945 1563; x_wconf 86' lang='lat' dir='ltr'><strong>vitam</strong></span> <span class='ocrx_word' id='word_1_126' title='bbox 1988 1513 2046 1563; x_wconf 92' lang='lat' dir='ltr'><strong>et</strong></span> <span class='ocrx_word' id='word_1_127' title='bbox 2089 1505 2325 1561; x_wconf 80' lang='lat' dir='ltr'><strong>delicias</strong></span> <span class='ocrx_word' id='word_1_128' title='bbox 2357 1504 2572 1577; x_wconf 87' lang='lat' dir='ltr'><strong>cupio,</strong></span> 
     </span>
     <span class='ocr_line' id='line_1_15' title="bbox 357 1590 2569 1669; baseline -0.003 -21"><span class='ocrx_word' id='word_1_129' title='bbox 357 1591 459 1648; x_wconf 88' lang='lat' dir='ltr'><strong>sed</strong></span> <span class='ocrx_word' id='word_1_130' title='bbox 491 1592 693 1651; x_wconf 82' lang='lat' dir='ltr'><strong>faciem</strong></span> <span class='ocrx_word' id='word_1_131' title='bbox 728 1603 885 1650; x_wconf 89' lang='lat' dir='ltr'><strong>tuam</strong></span> <span class='ocrx_word' id='word_1_132' title='bbox 917 1609 1084 1667; x_wconf 90' lang='lat' dir='ltr'><strong>spero</strong></span> <span class='ocrx_word' id='word_1_133' title='bbox 1110 1593 1443 1667; x_wconf 80' lang='lat' dir='ltr'><strong>conspicere</strong></span> <span class='ocrx_word' id='word_1_134' title='bbox 1472 1602 1706 1669; x_wconf 86' lang='lat' dir='ltr'><strong>propter</strong></span> <span class='ocrx_word' id='word_1_135' title='bbox 1732 1602 1970 1661; x_wconf 89' lang='lat' dir='ltr'><strong>rectam,</strong></span> <span class='ocrx_word' id='word_1_136' title='bbox 2009 1607 2180 1666; x_wconf 88' lang='lat' dir='ltr'><strong>quam</strong></span> <span class='ocrx_word' id='word_1_137' title='bbox 2213 1591 2330 1667; x_wconf 87' lang='lat' dir='ltr'><strong>egi,</strong></span> <span class='ocrx_word' id='word_1_138' title='bbox 2362 1590 2569 1646; x_wconf 85' lang='lat' dir='ltr'><strong>vitam.</strong></span> 
     </span>
     <span class='ocr_line' id='line_1_16' title="bbox 355 1673 2574 1758; baseline -0.005 -20"><span class='ocrx_word' id='word_1_139' title='bbox 355 1673 448 1738; x_wconf 85' lang='lat' dir='ltr'><strong>De</strong></span> <span class='ocrx_word' id='word_1_140' title='bbox 492 1674 766 1752; x_wconf 82' lang='lat' dir='ltr'><strong>adspectu</strong></span> <span class='ocrx_word' id='word_1_141' title='bbox 809 1675 923 1733; x_wconf 88' lang='lat' dir='ltr'><strong>Dei</strong></span> <span class='ocrx_word' id='word_1_142' title='bbox 965 1680 1029 1733; x_wconf 87' lang='lat' dir='ltr'><strong>in</strong></span> <span class='ocrx_word' id='word_1_143' title='bbox 1073 1679 1195 1734; x_wconf 80' lang='lat' dir='ltr'><strong>vita</strong></span> <span class='ocrx_word' id='word_1_144' title='bbox 1239 1675 1436 1733; x_wconf 84' lang='lat' dir='ltr'><strong>futura</strong></span> <span class='ocrx_word' id='word_1_145' title='bbox 1482 1676 1855 1758; x_wconf 85' lang='lat' dir='ltr'><strong>cogitandum</strong></span> <span class='ocrx_word' id='word_1_146' title='bbox 1897 1694 2054 1747; x_wconf 89' lang='lat' dir='ltr'><strong>esse,</strong></span> <span class='ocrx_word' id='word_1_147' title='bbox 2116 1673 2357 1745; x_wconf 88' lang='lat' dir='ltr'><strong>docent,</strong></span> <span class='ocrx_word' id='word_1_148' title='bbox 2419 1690 2574 1749; x_wconf 83' lang='lat' dir='ltr'><strong>quae</strong></span> 
     </span>
     <span class='ocr_line' id='line_1_17' title="bbox 355 1756 2572 1853; baseline 0.001 -36"><span class='ocrx_word' id='word_1_149' title='bbox 355 1761 822 1840; x_wconf 80' lang='lat' dir='ltr'><strong>subjunguntur:</strong></span> <span class='ocrx_word' id='word_1_150' title='bbox 894 1768 1144 1853; x_wconf 50' lang='lat' dir='ltr'><strong>*squama</strong></span> <span class='ocrx_word' id='word_1_151' title='bbox 1207 1769 1427 1852; x_wconf 45' lang='lat' dir='ltr'><strong>&#39;pp-2·</strong></span> <span class='ocrx_word' id='word_1_152' title='bbox 1489 1765 1720 1850; x_wconf 47' lang='lat' dir='ltr'><strong>main}</strong></span> <span class='ocrx_word' id='word_1_153' title='bbox 1778 1758 2054 1817; x_wconf 76' lang='lat' dir='ltr'><strong>satiabor</strong></span> <span class='ocrx_word' id='word_1_154' title='bbox 2108 1759 2173 1814; x_wconf 76' lang='lat' dir='ltr'><strong>in</strong></span> <span class='ocrx_word' id='word_1_155' title='bbox 2228 1756 2572 1834; x_wconf 76' lang='lat' dir='ltr'><strong>evigilando</strong></span> 
     </span>
     <span class='ocr_line' id='line_1_18' title="bbox 357 1824 2573 1922; baseline -0.003 -21"><span class='ocrx_word' id='word_1_156' title='bbox 357 1845 617 1922; x_wconf 77' lang='lat' dir='ltr'><strong>imagine</strong></span> <span class='ocrx_word' id='word_1_157' title='bbox 664 1854 810 1917; x_wconf 78' lang='lat' dir='ltr'><strong>tua,</strong></span> <span class='ocrx_word' id='word_1_158' title='bbox 867 1862 1014 1921; x_wconf 86' lang='lat' dir='ltr'><strong>quae</strong></span> <span class='ocrx_word' id='word_1_159' title='bbox 1051 1849 1157 1903; x_wconf 86' lang='lat' dir='ltr'><strong>vix</strong></span> <span class='ocrx_word' id='word_1_160' title='bbox 1196 1827 1425 1917; x_wconf 83' lang='lat' dir='ltr'><strong>aliter,</strong></span> <span class='ocrx_word' id='word_1_161' title='bbox 1448 1831 1621 1922; x_wconf 80' lang='lat' dir='ltr'><strong>quani</strong></span> <span class='ocrx_word' id='word_1_162' title='bbox 1646 1824 1735 1901; x_wconf 81' lang='lat' dir='ltr'><strong>de</strong></span> <span class='ocrx_word' id='word_1_163' title='bbox 1773 1862 1908 1921; x_wconf 88' lang='lat' dir='ltr'><strong>spe,</strong></span> <span class='ocrx_word' id='word_1_164' title='bbox 1953 1862 2099 1919; x_wconf 89' lang='lat' dir='ltr'><strong>quae</strong></span> <span class='ocrx_word' id='word_1_165' title='bbox 2129 1852 2321 1900; x_wconf 82' lang='lat' dir='ltr'><strong>vatem</strong></span> <span class='ocrx_word' id='word_1_166' title='bbox 2354 1843 2573 1912; x_wconf 85' lang='lat' dir='ltr'><strong>tenuit,</strong></span> 
     </span>
     <span class='ocr_line' id='line_1_19' title="bbox 359 1928 2572 2005; baseline -0.004 -18"><span class='ocrx_word' id='word_1_167' title='bbox 359 1929 431 1988; x_wconf 89' lang='lat' dir='ltr'><strong>de</strong></span> <span class='ocrx_word' id='word_1_168' title='bbox 461 1931 627 1987; x_wconf 90' lang='lat' dir='ltr'><strong>beata</strong></span> <span class='ocrx_word' id='word_1_169' title='bbox 659 1929 836 1987; x_wconf 84' lang='lat' dir='ltr'><strong>Jovae</strong></span> <span class='ocrx_word' id='word_1_170' title='bbox 875 1930 1102 1987; x_wconf 83' lang='lat' dir='ltr'><strong>visione</strong></span> <span class='ocrx_word' id='word_1_171' title='bbox 1139 1933 1203 1987; x_wconf 85' lang='lat' dir='ltr'><strong>in</strong></span> <span class='ocrx_word' id='word_1_172' title='bbox 1235 1928 1434 1988; x_wconf 82' lang='lat' dir='ltr'><strong>futura</strong></span> <span class='ocrx_word' id='word_1_173' title='bbox 1472 1933 1630 2004; x_wconf 86' lang='lat' dir='ltr'><strong>vita,</strong></span> <span class='ocrx_word' id='word_1_174' title='bbox 1688 1944 1989 2005; x_wconf 79' lang='lat' dir='ltr'><strong>postquam</strong></span> <span class='ocrx_word' id='word_1_175' title='bbox 2031 1946 2066 1984; x_wconf 89' lang='lat' dir='ltr'><strong>a</strong></span> <span class='ocrx_word' id='word_1_176' title='bbox 2107 1945 2310 1984; x_wconf 91' lang='lat' dir='ltr'><strong>somno</strong></span> <span class='ocrx_word' id='word_1_177' title='bbox 2357 1928 2572 1984; x_wconf 85' lang='lat' dir='ltr'><strong>mortis</strong></span> 
     </span>
     <span class='ocr_line' id='line_1_20' title="bbox 358 2014 2575 2113; baseline -0.001 -42"><span class='ocrx_word' id='word_1_178' title='bbox 358 2014 800 2093; x_wconf 82' lang='lat' dir='ltr'><strong>expergefaetus</strong></span> <span class='ocrx_word' id='word_1_179' title='bbox 828 2014 1024 2084; x_wconf 83' lang='lat' dir='ltr'><strong>suerit,</strong></span> <span class='ocrx_word' id='word_1_180' title='bbox 1056 2015 1318 2092; x_wconf 83' lang='lat' dir='ltr'><strong>intelligi</strong></span> <span class='ocrx_word' id='word_1_181' title='bbox 1346 2024 1606 2087; x_wconf 84' lang='lat' dir='ltr'><strong>possunt.</strong></span> <span class='ocrx_word' id='word_1_182' title='bbox 1663 2023 1908 2099; x_wconf 59' lang='lat' dir='ltr'><strong>*solvan</strong></span> <span class='ocrx_word' id='word_1_183' title='bbox 1941 2014 2214 2069; x_wconf 84' lang='lat' dir='ltr'><strong>convenit</strong></span> <span class='ocrx_word' id='word_1_184' title='bbox 2243 2030 2369 2068; x_wconf 89' lang='lat' dir='ltr'><strong>cum</strong></span> <span class='ocrx_word' id='word_1_185' title='bbox 2404 2019 2505 2113; x_wconf 64' lang='lat' dir='ltr'><strong>T:</strong></span> <span class='ocrx_word' id='word_1_186' title='bbox 2512 2026 2575 2080; x_wconf 72' lang='grc' dir='ltr'><strong>ε),</strong></span> 
     </span>
     <span class='ocr_line' id='line_1_21' title="bbox 358 2096 2575 2186; baseline -0.001 -32"><span class='ocrx_word' id='word_1_187' title='bbox 358 2105 427 2155; x_wconf 84' lang='lat' dir='ltr'><strong>ut</strong></span> <span class='ocrx_word' id='word_1_188' title='bbox 467 2099 638 2158; x_wconf 87' lang='lat' dir='ltr'><strong>Num.</strong></span> <span class='ocrx_word' id='word_1_189' title='bbox 672 2100 769 2170; x_wconf 85' lang='lat'><strong>12,</strong></span> <span class='ocrx_word' id='word_1_190' title='bbox 798 2100 858 2155; x_wconf 89' lang='lat'><strong>8.</strong></span> <span class='ocrx_word' id='word_1_191' title='bbox 942 2096 1192 2157; x_wconf 85' lang='lat' dir='ltr'><strong>Verbum</strong></span> <span class='ocrx_word' id='word_1_192' title='bbox 1228 2104 1421 2186; x_wconf 63' lang='grc' dir='ltr'><strong>γ’Ῥπ</strong></span> <span class='ocrx_word' id='word_1_193' title='bbox 1461 2100 1529 2155; x_wconf 89' lang='lat' dir='ltr'><strong>de</strong></span> <span class='ocrx_word' id='word_1_194' title='bbox 1570 2097 1901 2177; x_wconf 83' lang='lat' dir='ltr'><strong>evigilando</strong></span> <span class='ocrx_word' id='word_1_195' title='bbox 1941 2116 1972 2152; x_wconf 90' lang='lat' dir='ltr'><strong>e</strong></span> <span class='ocrx_word' id='word_1_196' title='bbox 2017 2114 2219 2155; x_wconf 88' lang='lat' dir='ltr'><strong>somno</strong></span> <span class='ocrx_word' id='word_1_197' title='bbox 2258 2101 2465 2153; x_wconf 82' lang='lat' dir='ltr'><strong>mortis</strong></span> <span class='ocrx_word' id='word_1_198' title='bbox 2508 2096 2575 2152; x_wconf 86' lang='lat' dir='ltr'><strong>in</strong></span> 
     </span>
     <span class='ocr_line' id='line_1_22' title="bbox 357 2179 2574 2259; baseline -0.002 -20"><span class='ocrx_word' id='word_1_199' title='bbox 357 2182 564 2242; x_wconf 76' lang='lat' dir='ltr'><strong>futura</strong></span> <span class='ocrx_word' id='word_1_200' title='bbox 588 2185 1010 2241; x_wconf 85' lang='lat' dir='ltr'><strong>resurrectione</strong></span> <span class='ocrx_word' id='word_1_201' title='bbox 1041 2191 1358 2259; x_wconf 86' lang='lat' dir='ltr'><strong>usurpatur</strong></span> <span class='ocrx_word' id='word_1_202' title='bbox 1391 2195 1451 2241; x_wconf 89' lang='lat' dir='ltr'><strong>et</strong></span> <span class='ocrx_word' id='word_1_203' title='bbox 1479 2182 1632 2240; x_wconf 90' lang='lat' dir='ltr'><strong>Dan.</strong></span> <span class='ocrx_word' id='word_1_204' title='bbox 1667 2184 1766 2250; x_wconf 89' lang='grc'><strong>12,</strong></span> <span class='ocrx_word' id='word_1_205' title='bbox 1796 2183 1853 2237; x_wconf 91' lang='grc'><strong>2.</strong></span> <span class='ocrx_word' id='word_1_206' title='bbox 1898 2181 2013 2238; x_wconf 85' lang='lat' dir='ltr'><strong>Jes.</strong></span> <span class='ocrx_word' id='word_1_207' title='bbox 2044 2183 2158 2252; x_wconf 72' lang='lat'><strong>26,</strong></span> <span class='ocrx_word' id='word_1_208' title='bbox 2182 2186 2276 2240; x_wconf 84' lang='lat'><strong>19</strong></span> <span class='ocrx_word' id='word_1_209' title='bbox 2320 2179 2435 2237; x_wconf 85' lang='lat' dir='ltr'><strong>Jer.</strong></span> <span class='ocrx_word' id='word_1_210' title='bbox 2466 2180 2574 2251; x_wconf 84' lang='grc'><strong>51,</strong></span> 
     </span>
     <span class='ocr_line' id='line_1_23' title="bbox 360 2258 2577 2346; baseline -0.001 -21"><span class='ocrx_word' id='word_1_211' title='bbox 360 2267 460 2325; x_wconf 85' lang='grc'><strong>39.</strong></span> <span class='ocrx_word' id='word_1_212' title='bbox 491 2267 590 2325; x_wconf 80' lang='grc'><strong>57.</strong></span> <span class='ocrx_word' id='word_1_213' title='bbox 622 2270 814 2327; x_wconf 77' lang='lat' dir='ltr'><strong>‘Alex.</strong></span> <span class='ocrx_word' id='word_1_214' title='bbox 846 2268 1054 2328; x_wconf 86' lang='lat' dir='ltr'><strong>ultima</strong></span> <span class='ocrx_word' id='word_1_215' title='bbox 1085 2269 1260 2326; x_wconf 87' lang='lat' dir='ltr'><strong>verba</strong></span> <span class='ocrx_word' id='word_1_216' title='bbox 1288 2271 1500 2326; x_wconf 86' lang='lat' dir='ltr'><strong>vertit.</strong></span> <span class='ocrx_word' id='word_1_217' title='bbox 1538 2268 1604 2329; x_wconf 77' lang='grc' dir='ltr'><strong>ἒν</strong></span> <span class='ocrx_word' id='word_1_218' title='bbox 1636 2291 1720 2345; x_wconf 81' lang='grc' dir='ltr'><strong>τῳ</strong></span> <span class='ocrx_word' id='word_1_219' title='bbox 1754 2260 2037 2343; x_wconf 76' lang='grc' dir='ltr'><strong>ὄφθῆιαι</strong></span> <span class='ocrx_word' id='word_1_220' title='bbox 2070 2262 2180 2346; x_wconf 60' lang='grc' dir='ltr'><strong>’ἦν</strong></span> <span class='ocrx_word' id='word_1_221' title='bbox 2212 2258 2398 2338; x_wconf 74' lang='grc' dir='ltr'><em>ὃοξάν</em></span> <span class='ocrx_word' id='word_1_222' title='bbox 2437 2286 2577 2337; x_wconf 81' lang='grc' dir='ltr'><strong>σοι,</strong></span> 
     </span>
     <span class='ocr_line' id='line_1_24' title="bbox 361 2351 2579 2450; baseline -0.002 -40"><span class='ocrx_word' id='word_1_223' title='bbox 361 2351 517 2427; x_wconf 77' lang='lat' dir='ltr'><strong>quod</strong></span> <span class='ocrx_word' id='word_1_224' title='bbox 546 2352 787 2448; x_wconf 79' lang='lat' dir='ltr'><strong>Vulgat.</strong></span> <span class='ocrx_word' id='word_1_225' title='bbox 830 2355 1147 2428; x_wconf 87' lang='lat' dir='ltr'><strong>sequitur.</strong></span> <span class='ocrx_word' id='word_1_226' title='bbox 1193 2352 1438 2409; x_wconf 87' lang='lat' dir='ltr'><strong>Videtur</strong></span> <span class='ocrx_word' id='word_1_227' title='bbox 1480 2360 1725 2450; x_wconf 66' lang='lat'><strong>717277217</strong></span> <span class='ocrx_word' id='word_1_228' title='bbox 1774 2352 1969 2408; x_wconf 87' lang='lat' dir='ltr'><strong>eadem</strong></span> <span class='ocrx_word' id='word_1_229' title='bbox 2016 2370 2145 2408; x_wconf 89' lang='lat' dir='ltr'><strong>cum</strong></span> <span class='ocrx_word' id='word_1_230' title='bbox 2192 2356 2335 2436; x_wconf 61' lang='lat'><strong>7⁸20</strong></span> <span class='ocrx_word' id='word_1_231' title='bbox 2382 2352 2579 2428; x_wconf 83' lang='lat' dir='ltr'><strong>signi-</strong></span> 
     </span>
    </p>
   </div>
   <div class='ocr_carea' id='block_1_4' title="bbox 359 2437 2577 2601">
    <p class='ocr_par' dir='ltr' id='par_1_4' title="bbox 359 2437 2577 2601">
     <span class='ocr_line' id='line_1_25' title="bbox 359 2437 2577 2520; baseline -0.002 -23"><span class='ocrx_word' id='word_1_232' title='bbox 359 2437 629 2497; x_wconf 78' lang='lat' dir='ltr'><strong>ficatione</strong></span> <span class='ocrx_word' id='word_1_233' title='bbox 675 2438 997 2509; x_wconf 80' lang='lat' dir='ltr'><strong>accepisse,</strong></span> <span class='ocrx_word' id='word_1_234' title='bbox 1057 2439 1228 2513; x_wconf 82' lang='lat' dir='ltr'><strong>atque‘</strong></span> <span class='ocrx_word' id='word_1_235' title='bbox 1271 2444 1451 2520; x_wconf 58' lang='grc' dir='ltr'><strong>γ’·ρπ</strong></span> <span class='ocrx_word' id='word_1_236' title='bbox 1497 2437 1822 2515; x_wconf 82' lang='lat' dir='ltr'><strong>evigilare,</strong></span> <span class='ocrx_word' id='word_1_237' title='bbox 1875 2454 2226 2517; x_wconf 78' lang='lat' dir='ltr'><strong>exsurgere,</strong></span> <span class='ocrx_word' id='word_1_238' title='bbox 2275 2453 2577 2511; x_wconf 82' lang='lat' dir='ltr'><strong>apparere,</strong></span> 
     </span>
     <span class='ocr_line' id='line_1_26' title="bbox 363 2521 1545 2601; baseline -0.003 -20"><span class='ocrx_word' id='word_1_239' title='bbox 363 2526 740 2600; x_wconf 81' lang='lat' dir='ltr'><strong>conspicuum</strong></span> <span class='ocrx_word' id='word_1_240' title='bbox 777 2521 906 2580; x_wconf 89' lang='lat' dir='ltr'><strong>fieri</strong></span> <span class='ocrx_word' id='word_1_241' title='bbox 947 2523 1359 2601; x_wconf 86' lang='lat' dir='ltr'><strong>interpretatus</strong></span> <span class='ocrx_word' id='word_1_242' title='bbox 1401 2539 1545 2582; x_wconf 78' lang='lat' dir='ltr'><strong>esse,</strong></span> 
     </span>
    </p>
   </div>
   <div class='ocr_carea' id='block_1_5' title="bbox 1241 2708 1607 2774">
    <p class='ocr_par' dir='ltr' id='par_1_5' title="bbox 1241 2708 1607 2774">
     <span class='ocr_line' id='line_1_27' title="bbox 1241 2708 1607 2774; baseline 0 -4"><span class='ocrx_word' id='word_1_243' title='bbox 1241 2726 1245 2735; x_wconf 62' lang='lat'><strong>⁴</strong></span> <span class='ocrx_word' id='word_1_244' title='bbox 1327 2708 1447 2774; x_wconf 75' lang='lat' dir='ltr'><strong>rs.</strong></span> <span class='ocrx_word' id='word_1_245' title='bbox 1511 2709 1607 2771; x_wconf 88' lang='grc'><strong>18.</strong></span> 
     </span>
    </p>
   </div>
   <div class='ocr_carea' id='block_1_6' title="bbox 316 2821 2600 4424">
    <p class='ocr_par' dir='ltr' id='par_1_6' title="bbox 316 2821 2600 3413">
     <span class='ocr_line' id='line_1_28' title="bbox 533 2821 2579 2907; baseline 0.001 -25"><span class='ocrx_word' id='word_1_246' title='bbox 533 2821 904 2907; x_wconf 83' lang='lat' dir='ltr'><strong>Magnificum</strong></span> <span class='ocrx_word' id='word_1_247' title='bbox 960 2826 1415 2900; x_wconf 83' lang='lat' dir='ltr'><strong>eucharisticon,</strong></span> <span class='ocrx_word' id='word_1_248' title='bbox 1490 2829 1644 2906; x_wconf 86' lang='lat' dir='ltr'><strong>quod</strong></span> <span class='ocrx_word' id='word_1_249' title='bbox 1689 2839 1858 2905; x_wconf 86' lang='lat' dir='ltr'><strong>pocta</strong></span> <span class='ocrx_word' id='word_1_250' title='bbox 1906 2830 2135 2888; x_wconf 82' lang='lat' dir='ltr'><strong>orditur</strong></span> <span class='ocrx_word' id='word_1_251' title='bbox 2188 2828 2579 2886; x_wconf 79' lang='lat' dir='ltr'><strong>celebratione</strong></span> 
     </span>
     <span class='ocr_line' id='line_1_29' title="bbox 366 2909 2578 2993; baseline 0 -27"><span class='ocrx_word' id='word_1_252' title='bbox 366 2909 625 2967; x_wconf 75' lang='lat' dir='ltr'><strong>numinis</strong></span> <span class='ocrx_word' id='word_1_253' title='bbox 647 2949 663 2979; x_wconf 89' lang='lat'><strong>,</strong></span> <span class='ocrx_word' id='word_1_254' title='bbox 706 2913 865 2983; x_wconf 87' lang='lat' dir='ltr'><strong>cujus</strong></span> <span class='ocrx_word' id='word_1_255' title='bbox 895 2915 1182 2969; x_wconf 81' lang='lat' dir='ltr'><strong>auxilium</strong></span> <span class='ocrx_word' id='word_1_256' title='bbox 1214 2924 1271 2970; x_wconf 90' lang='lat' dir='ltr'><strong>et</strong></span> <span class='ocrx_word' id='word_1_257' title='bbox 1301 2914 1586 2990; x_wconf 81' lang='lat' dir='ltr'><strong>insignem</strong></span> <span class='ocrx_word' id='word_1_258' title='bbox 1621 2933 1783 2990; x_wconf 87' lang='lat' dir='ltr'><strong>opem</strong></span> <span class='ocrx_word' id='word_1_259' title='bbox 1818 2925 1958 2971; x_wconf 85' lang='lat' dir='ltr'><strong>tam</strong></span> <span class='ocrx_word' id='word_1_260' title='bbox 1955 2934 2135 2990; x_wconf 84' lang='lat' dir='ltr'><strong>saepe</strong></span> <span class='ocrx_word' id='word_1_261' title='bbox 2163 2914 2339 2970; x_wconf 83' lang='lat' dir='ltr'><strong>fuerit</strong></span> <span class='ocrx_word' id='word_1_262' title='bbox 2369 2932 2578 2993; x_wconf 35' lang='lat' dir='ltr'><strong>expet-</strong></span> 
     </span>
     <span class='ocr_line' id='line_1_30' title="bbox 366 2991 2583 3075; baseline 0.001 -25"><span class='ocrx_word' id='word_1_263' title='bbox 366 3004 505 3050; x_wconf 87' lang='lat' dir='ltr'><strong>tus.</strong></span> <span class='ocrx_word' id='word_1_264' title='bbox 553 2991 674 3051; x_wconf 84' lang='lat' dir='ltr'><strong>Sua</strong></span> <span class='ocrx_word' id='word_1_265' title='bbox 704 2995 889 3073; x_wconf 85' lang='lat' dir='ltr'><strong>igitur</strong></span> <span class='ocrx_word' id='word_1_266' title='bbox 919 2999 1175 3071; x_wconf 87' lang='lat' dir='ltr'><strong>pericula</strong></span> <span class='ocrx_word' id='word_1_267' title='bbox 1205 3006 1262 3054; x_wconf 87' lang='lat' dir='ltr'><strong>et</strong></span> <span class='ocrx_word' id='word_1_268' title='bbox 1292 2996 1539 3055; x_wconf 89' lang='lat' dir='ltr'><strong>hostium</strong></span> <span class='ocrx_word' id='word_1_269' title='bbox 1578 3000 1870 3075; x_wconf 83' lang='lat' dir='ltr'><strong>ingentem</strong></span> <span class='ocrx_word' id='word_1_270' title='bbox 1902 3002 2019 3056; x_wconf 87' lang='lat' dir='ltr'><strong>vim</strong></span> <span class='ocrx_word' id='word_1_271' title='bbox 2049 3001 2268 3075; x_wconf 84' lang='lat' dir='ltr'><strong>poetice</strong></span> <span class='ocrx_word' id='word_1_272' title='bbox 2303 2996 2583 3054; x_wconf 83' lang='lat' dir='ltr'><strong>describit</strong></span> 
     </span>
     <span class='ocr_line' id='line_1_31' title="bbox 366 3078 2585 3159; baseline 0.002 -26"><span class='ocrx_word' id='word_1_273' title='bbox 366 3087 426 3134; x_wconf 85' lang='lat' dir='ltr'><strong>et</strong></span> <span class='ocrx_word' id='word_1_274' title='bbox 450 3078 712 3159; x_wconf 82' lang='lat' dir='ltr'><strong>depingit</strong></span> <span class='ocrx_word' id='word_1_275' title='bbox 740 3082 969 3153; x_wconf 82' lang='lat' dir='ltr'><strong>potius3</strong></span> <span class='ocrx_word' id='word_1_276' title='bbox 1008 3100 1256 3156; x_wconf 85' lang='lat' dir='ltr'><strong>moxque</strong></span> <span class='ocrx_word' id='word_1_277' title='bbox 1283 3101 1444 3139; x_wconf 90' lang='lat' dir='ltr'><strong>suam</strong></span> <span class='ocrx_word' id='word_1_278' title='bbox 1473 3084 1870 3140; x_wconf 82' lang='lat' dir='ltr'><strong>liberationem</strong></span> <span class='ocrx_word' id='word_1_279' title='bbox 1900 3102 1967 3138; x_wconf 81' lang='lat' dir='ltr'><strong>nc</strong></span> <span class='ocrx_word' id='word_1_280' title='bbox 1993 3084 2381 3140; x_wconf 84' lang='lat' dir='ltr'><strong>vehementem</strong></span> <span class='ocrx_word' id='word_1_281' title='bbox 2412 3100 2585 3157; x_wconf 85' lang='lat' dir='ltr'><strong>prae-</strong></span> 
     </span>
     <span class='ocr_line' id='line_1_32' title="bbox 367 3161 2591 3246; baseline 0.002 -30"><span class='ocrx_word' id='word_1_282' title='bbox 367 3164 641 3238; x_wconf 86' lang='lat' dir='ltr'><strong>potentis</strong></span> <span class='ocrx_word' id='word_1_283' title='bbox 636 3161 807 3220; x_wconf 88' lang='lat' dir='ltr'><strong>Dei·</strong></span> <span class='ocrx_word' id='word_1_284' title='bbox 772 3183 852 3220; x_wconf 89' lang='grc' dir='ltr'><strong>·ιιι</strong></span> <span class='ocrx_word' id='word_1_285' title='bbox 882 3164 1145 3222; x_wconf 85' lang='lat' dir='ltr'><strong>hostibus</strong></span> <span class='ocrx_word' id='word_1_286' title='bbox 1176 3169 1489 3224; x_wconf 83' lang='lat' dir='ltr'><strong>evertentis</strong></span> <span class='ocrx_word' id='word_1_287' title='bbox 1522 3171 1667 3224; x_wconf 89' lang='lat' dir='ltr'><strong>iram</strong></span> <span class='ocrx_word' id='word_1_288' title='bbox 1702 3185 1769 3221; x_wconf 92' lang='lat' dir='ltr'><strong>eo</strong></span> <span class='ocrx_word' id='word_1_289' title='bbox 1800 3166 2089 3225; x_wconf 86' lang='lat' dir='ltr'><strong>scribendi</strong></span> <span class='ocrx_word' id='word_1_290' title='bbox 2123 3186 2369 3246; x_wconf 79' lang='lat' dir='ltr'><strong>genere,</strong></span> <span class='ocrx_word' id='word_1_291' title='bbox 2412 3176 2471 3223; x_wconf 89' lang='lat' dir='ltr'><strong>et</strong></span> <span class='ocrx_word' id='word_1_292' title='bbox 2507 3167 2591 3221; x_wconf 82' lang='lat' dir='ltr'><strong>iis&#39;</strong></span> 
     </span>
     <span class='ocr_line' id='line_1_33' title="bbox 367 3245 2600 3328; baseline 0.001 -25"><span class='ocrx_word' id='word_1_293' title='bbox 367 3245 576 3323; x_wconf 82' lang='lat' dir='ltr'><strong>figuris</strong></span> <span class='ocrx_word' id='word_1_294' title='bbox 606 3247 955 3321; x_wconf 87' lang='lat' dir='ltr'><strong>amplificat,</strong></span> <span class='ocrx_word' id='word_1_295' title='bbox 996 3259 1061 3306; x_wconf 89' lang='lat' dir='ltr'><strong>ut</strong></span> <span class='ocrx_word' id='word_1_296' title='bbox 1090 3267 1269 3322; x_wconf 86' lang='lat' dir='ltr'><strong>paene</strong></span> <span class='ocrx_word' id='word_1_297' title='bbox 1305 3251 1491 3308; x_wconf 83' lang='lat' dir='ltr'><strong>adbuc</strong></span> <span class='ocrx_word' id='word_1_298' title='bbox 1522 3254 1671 3307; x_wconf 85' lang='lat' dir='ltr'><strong>inter</strong></span> <span class='ocrx_word' id='word_1_299' title='bbox 1709 3251 2010 3328; x_wconf 82' lang='lat' dir='ltr'><strong>legendum</strong></span> <span class='ocrx_word' id='word_1_300' title='bbox 2041 3255 2260 3310; x_wconf 90' lang='lat' dir='ltr'><strong>coelum</strong></span> <span class='ocrx_word' id='word_1_301' title='bbox 2298 3253 2486 3327; x_wconf 86' lang='lat' dir='ltr'><strong>ipsum</strong></span> <span class='ocrx_word' id='word_1_302' title='bbox 2523 3262 2600 3315; x_wconf 64' lang='lat' dir='ltr'><strong>et,</strong></span> 
     </span>
     <span class='ocr_line' id='line_1_34' title="bbox 316 3329 2584 3413; baseline 0.002 -28"><span class='ocrx_word' id='word_1_303' title='bbox 316 3397 320 3400; x_wconf 14' lang='grc' dir='ltr'><em>Α</em></span> <span class='ocrx_word' id='word_1_304' title='bbox 371 3339 583 3386; x_wconf 86' lang='lat' dir='ltr'><strong>terram</strong></span> <span class='ocrx_word' id='word_1_305' title='bbox 620 3329 732 3388; x_wconf 89' lang='lat' dir='ltr'><strong>Dei</strong></span> <span class='ocrx_word' id='word_1_306' title='bbox 770 3332 1136 3391; x_wconf 86' lang='lat' dir='ltr'><strong>fulminantis</strong></span> <span class='ocrx_word' id='word_1_307' title='bbox 1173 3336 1384 3393; x_wconf 87' lang='lat' dir='ltr'><strong>ictibus</strong></span> <span class='ocrx_word' id='word_1_308' title='bbox 1425 3337 1801 3410; x_wconf 83' lang='lat' dir='ltr'><strong>conquassari</strong></span> <span class='ocrx_word' id='word_1_309' title='bbox 1842 3355 1911 3392; x_wconf 90' lang='lat' dir='ltr'><strong>ac</strong></span> <span class='ocrx_word' id='word_1_310' title='bbox 1953 3356 2127 3413; x_wconf 86' lang='lat' dir='ltr'><strong>prope</strong></span> <span class='ocrx_word' id='word_1_311' title='bbox 2172 3336 2440 3392; x_wconf 85' lang='lat' dir='ltr'><strong>incendio</strong></span> <span class='ocrx_word' id='word_1_312' title='bbox 2483 3353 2584 3391; x_wconf 79' lang='lat' dir='ltr'><strong>ar·</strong></span> 
     </span>
    </p>

    <p class='ocr_par' dir='ltr' id='par_1_7' title="bbox 340 3413 2598 4424">
     <span class='ocr_line' id='line_1_35' title="bbox 368 3413 2587 3496; baseline 0.002 -26"><span class='ocrx_word' id='word_1_313' title='bbox 368 3413 506 3471; x_wconf 87' lang='lat' dir='ltr'><strong>dere</strong></span> <span class='ocrx_word' id='word_1_314' title='bbox 538 3415 856 3478; x_wconf 79' lang='lat' dir='ltr'><strong>videamus.</strong></span> <span class='ocrx_word' id='word_1_315' title='bbox 939 3419 1149 3478; x_wconf 80' lang='lat' dir='ltr'><strong>Postea</strong></span> <span class='ocrx_word' id='word_1_316' title='bbox 1177 3421 1493 3490; x_wconf 82' lang='lat' dir='ltr'><strong>victorias,</strong></span> <span class='ocrx_word' id='word_1_317' title='bbox 1534 3437 1675 3493; x_wconf 85' lang='lat' dir='ltr'><strong>quas</strong></span> <span class='ocrx_word' id='word_1_318' title='bbox 1709 3417 1779 3474; x_wconf 89' lang='lat' dir='ltr'><strong>de</strong></span> <span class='ocrx_word' id='word_1_319' title='bbox 1807 3419 2070 3477; x_wconf 85' lang='lat' dir='ltr'><strong>hostibus</strong></span> <span class='ocrx_word' id='word_1_320' title='bbox 2103 3423 2455 3496; x_wconf 85' lang='lat' dir='ltr'><strong>reportavit,</strong></span> <span class='ocrx_word' id='word_1_321' title='bbox 2499 3422 2587 3475; x_wconf 87' lang='lat' dir='ltr'><strong>ita</strong></span> 
     </span>
     <span class='ocr_line' id='line_1_36' title="bbox 372 3497 2598 3582; baseline 0.002 -28"><span class='ocrx_word' id='word_1_322' title='bbox 372 3497 682 3573; x_wconf 84' lang='lat' dir='ltr'><strong>describit,</strong></span> <span class='ocrx_word' id='word_1_323' title='bbox 734 3512 799 3559; x_wconf 83' lang='lat' dir='ltr'><strong>ut</strong></span> <span class='ocrx_word' id='word_1_324' title='bbox 836 3505 935 3580; x_wconf 88' lang='lat' dir='ltr'><strong>qui</strong></span> <span class='ocrx_word' id='word_1_325' title='bbox 980 3504 1160 3582; x_wconf 87' lang='lat' dir='ltr'><strong>legit,</strong></span> <span class='ocrx_word' id='word_1_326' title='bbox 1215 3506 1346 3560; x_wconf 91' lang='lat' dir='ltr'><strong>illas</strong></span> <span class='ocrx_word' id='word_1_327' title='bbox 1395 3504 1502 3560; x_wconf 90' lang='lat' dir='ltr'><strong>sub</strong></span> <span class='ocrx_word' id='word_1_328' title='bbox 1549 3504 1735 3559; x_wconf 88' lang='lat' dir='ltr'><strong>oculis</strong></span> <span class='ocrx_word' id='word_1_329' title='bbox 1778 3502 1988 3561; x_wconf 87' lang='lat' dir='ltr'><strong>habere</strong></span> <span class='ocrx_word' id='word_1_330' title='bbox 2029 3525 2089 3560; x_wconf 90' lang='lat' dir='ltr'><strong>se</strong></span> <span class='ocrx_word' id='word_1_331' title='bbox 2130 3513 2308 3579; x_wconf 88' lang='lat' dir='ltr'><strong>putet.</strong></span> <span class='ocrx_word' id='word_1_332' title='bbox 2390 3504 2598 3581; x_wconf 78' lang='lat' dir='ltr'><strong>Regni·</strong></span> 
     </span>
     <span class='ocr_line' id='line_1_37' title="bbox 373 3585 2598 3664; baseline 0.003 -26"><span class='ocrx_word' id='word_1_333' title='bbox 373 3599 601 3658; x_wconf 83' lang='lat' dir='ltr'><strong>quoque</strong></span> <span class='ocrx_word' id='word_1_334' title='bbox 645 3586 854 3644; x_wconf 88' lang='lat' dir='ltr'><strong>mirum</strong></span> <span class='ocrx_word' id='word_1_335' title='bbox 904 3590 967 3646; x_wconf 89' lang='lat' dir='ltr'><strong>in</strong></span> <span class='ocrx_word' id='word_1_336' title='bbox 996 3589 1246 3645; x_wconf 71' lang='lat' dir='ltr'><strong>:modum</strong></span> <span class='ocrx_word' id='word_1_337' title='bbox 1296 3587 1558 3663; x_wconf 88' lang='lat' dir='ltr'><strong>prolatos</strong></span> <span class='ocrx_word' id='word_1_338' title='bbox 1599 3588 1879 3643; x_wconf 87' lang='lat' dir='ltr'><strong>terminos</strong></span> <span class='ocrx_word' id='word_1_339' title='bbox 1922 3589 2231 3664; x_wconf 88' lang='lat' dir='ltr'><strong>praedicat.</strong></span> <span class='ocrx_word' id='word_1_340' title='bbox 2319 3585 2598 3644; x_wconf 83' lang='lat' dir='ltr'><strong>Tandem·</strong></span> 
     </span>
     <span class='ocr_line' id='line_1_38' title="bbox 373 3666 2589 3770; baseline 0.003 -48"><span class='ocrx_word' id='word_1_341' title='bbox 373 3666 529 3722; x_wconf 83' lang='lat' dir='ltr'><strong>laeta</strong></span> <span class='ocrx_word' id='word_1_342' title='bbox 561 3685 688 3724; x_wconf 90' lang='lat' dir='ltr'><strong>cum</strong></span> <span class='ocrx_word' id='word_1_343' title='bbox 718 3674 1131 3730; x_wconf 81' lang='lat' dir='ltr'><strong>acclamatione</strong></span> <span class='ocrx_word' id='word_1_344' title='bbox 1171 3671 1376 3729; x_wconf 79' lang='lat' dir='ltr'><strong>Jovam</strong></span> <span class='ocrx_word' id='word_1_345' title='bbox 1417 3671 1700 3742; x_wconf 86' lang='lat' dir='ltr'><strong>celebrat,</strong></span> <span class='ocrx_word' id='word_1_346' title='bbox 1763 3691 1927 3747; x_wconf 88' lang='lat' dir='ltr'><strong>quem</strong></span> <span class='ocrx_word' id='word_1_347' title='bbox 1962 3675 2307 3770; x_wconf 79' lang='lat' dir='ltr'><strong>peculiarem</strong></span> <span class='ocrx_word' id='word_1_348' title='bbox 2348 3675 2441 3729; x_wconf 88' lang='lat' dir='ltr'><strong>sui</strong></span> <span class='ocrx_word' id='word_1_349' title='bbox 2484 3692 2589 3729; x_wconf 86' lang='lat' dir='ltr'><strong>cu·</strong></span> 
     </span>
     <span class='ocr_line' id='line_1_39' title="bbox 373 3755 2593 3836; baseline 0.002 -30"><span class='ocrx_word' id='word_1_350' title='bbox 373 3768 498 3807; x_wconf 84' lang='lat' dir='ltr'><strong>ram</strong></span> <span class='ocrx_word' id='word_1_351' title='bbox 537 3771 737 3831; x_wconf 83' lang='lat' dir='ltr'><strong>gerere</strong></span> <span class='ocrx_word' id='word_1_352' title='bbox 763 3760 1049 3836; x_wconf 84' lang='lat' dir='ltr'><strong>agnoscit·</strong></span> <span class='ocrx_word' id='word_1_353' title='bbox 1092 3787 1182 3799; x_wconf 89' lang='lat'><strong>-—-</strong></span> <span class='ocrx_word' id='word_1_354' title='bbox 1219 3756 1530 3830; x_wconf 81' lang='lat' dir='ltr'><strong>Inscriptio</strong></span> <span class='ocrx_word' id='word_1_355' title='bbox 1559 3755 1779 3827; x_wconf 82' lang='lat' dir='ltr'><strong>prodit,</strong></span> <span class='ocrx_word' id='word_1_356' title='bbox 1812 3758 2086 3814; x_wconf 84' lang='lat' dir='ltr'><strong>cecinisse</strong></span> <span class='ocrx_word' id='word_1_357' title='bbox 2112 3756 2404 3814; x_wconf 72' lang='grc' dir='ltr'><strong>Πιιιίιιειιι</strong></span> <span class='ocrx_word' id='word_1_358' title='bbox 2433 3756 2593 3813; x_wconf 79' lang='lat' dir='ltr'><strong>hunc</strong></span> 
     </span>
     <span class='ocr_line' id='line_1_40' title="bbox 374 3832 2592 3917; baseline 0.002 -25"><span class='ocrx_word' id='word_1_359' title='bbox 374 3832 688 3910; x_wconf 80' lang='lat' dir='ltr'><strong>hymnum,</strong></span> <span class='ocrx_word' id='word_1_360' title='bbox 731 3852 1033 3917; x_wconf 84' lang='lat' dir='ltr'><strong>postquam</strong></span> <span class='ocrx_word' id='word_1_361' title='bbox 1073 3840 1144 3896; x_wconf 89' lang='lat' dir='ltr'><strong>ab</strong></span> <span class='ocrx_word' id='word_1_362' title='bbox 1182 3839 1443 3896; x_wconf 75' lang='lat' dir='ltr'><strong>omnibus</strong></span> <span class='ocrx_word' id='word_1_363' title='bbox 1477 3837 1774 3912; x_wconf 88' lang='lat' dir='ltr'><strong>hostibus,</strong></span> <span class='ocrx_word' id='word_1_364' title='bbox 1819 3858 1853 3896; x_wconf 86' lang='lat' dir='ltr'><strong>a</strong></span> <span class='ocrx_word' id='word_1_365' title='bbox 1889 3841 2064 3898; x_wconf 88' lang='lat' dir='ltr'><strong>Saule</strong></span> <span class='ocrx_word' id='word_1_366' title='bbox 2096 3844 2399 3917; x_wconf 75' lang='lat' dir='ltr'><strong>inprimiS,</strong></span> <span class='ocrx_word' id='word_1_367' title='bbox 2434 3841 2592 3899; x_wconf 86' lang='lat' dir='ltr'><strong>libe·</strong></span> 
     </span>
     <span class='ocr_line' id='line_1_41' title="bbox 377 3923 2590 3997; baseline 0.003 -21"><span class='ocrx_word' id='word_1_368' title='bbox 377 3930 541 3977; x_wconf 83' lang='lat' dir='ltr'><strong>ratus</strong></span> <span class='ocrx_word' id='word_1_369' title='bbox 579 3933 747 3981; x_wconf 88' lang='lat' dir='ltr'><strong>esset.</strong></span> <span class='ocrx_word' id='word_1_370' title='bbox 820 3925 1037 3997; x_wconf 86' lang='lat' dir='ltr'><strong>Saulis,</strong></span> <span class='ocrx_word' id='word_1_371' title='bbox 1080 3933 1149 3979; x_wconf 91' lang='lat' dir='ltr'><strong>ut</strong></span> <span class='ocrx_word' id='word_1_372' title='bbox 1178 3923 1363 3980; x_wconf 85' lang='lat' dir='ltr'><strong>hostis</strong></span> <span class='ocrx_word' id='word_1_373' title='bbox 1394 3925 1652 3995; x_wconf 86' lang='lat' dir='ltr'><strong>omnium</strong></span> <span class='ocrx_word' id='word_1_374' title='bbox 1683 3925 1949 3985; x_wconf 79' lang='lat' dir='ltr'><strong>acerrimi</strong></span> <span class='ocrx_word' id='word_1_375' title='bbox 1987 3925 2202 3983; x_wconf 85' lang='lat' dir='ltr'><strong>diserte</strong></span> <span class='ocrx_word' id='word_1_376' title='bbox 2236 3928 2590 3983; x_wconf 85' lang='lat' dir='ltr'><strong>mentionem</strong></span> 
     </span>
     <span class='ocr_line' id='line_1_42' title="bbox 377 3990 2597 4082; baseline 0.003 -21"><span class='ocrx_word' id='word_1_377' title='bbox 377 4000 549 4075; x_wconf 82' lang='lat' dir='ltr'><strong>facit,</strong></span> <span class='ocrx_word' id='word_1_378' title='bbox 597 4009 758 4081; x_wconf 84' lang='lat' dir='ltr'><strong>cujus</strong></span> <span class='ocrx_word' id='word_1_379' title='bbox 785 4010 1122 4067; x_wconf 82' lang='lat' dir='ltr'><strong>vexationes</strong></span> <span class='ocrx_word' id='word_1_380' title='bbox 1151 4009 1326 4064; x_wconf 89' lang='lat' dir='ltr'><strong>etiam</strong></span> <span class='ocrx_word' id='word_1_381' title='bbox 1356 3990 1486 4064; x_wconf 80' lang='lat' dir='ltr'><strong>Vss.</strong></span> <span class='ocrx_word' id='word_1_382' title='bbox 1520 4009 1560 4064; x_wconf 85' lang='lat'><strong>3</strong></span> <span class='ocrx_word' id='word_1_383' title='bbox 1583 4040 1648 4050; x_wconf 86' lang='lat'><strong>——</strong></span> <span class='ocrx_word' id='word_1_384' title='bbox 1670 4009 1731 4065; x_wconf 79' lang='lat'><strong>6.</strong></span> <span class='ocrx_word' id='word_1_385' title='bbox 1764 4009 2102 4082; x_wconf 77' lang='lat' dir='ltr'><strong>respiciunt.</strong></span> <span class='ocrx_word' id='word_1_386' title='bbox 2194 4009 2312 4068; x_wconf 86' lang='lat' dir='ltr'><strong>Sed</strong></span> <span class='ocrx_word' id='word_1_387' title='bbox 2344 4011 2504 4066; x_wconf 88' lang='lat' dir='ltr'><strong>canit</strong></span> <span class='ocrx_word' id='word_1_388' title='bbox 2535 4026 2597 4068; x_wconf 87' lang='lat' dir='ltr'><strong>et</strong></span> 
     </span>
     <span class='ocr_line' id='line_1_43' title="bbox 380 4088 2594 4172; baseline 0.005 -31"><span class='ocrx_word' id='word_1_389' title='bbox 380 4088 662 4146; x_wconf 80' lang='lat' dir='ltr'><strong>victorias</strong></span> <span class='ocrx_word' id='word_1_390' title='bbox 716 4095 786 4150; x_wconf 88' lang='lat' dir='ltr'><strong>ab</strong></span> <span class='ocrx_word' id='word_1_391' title='bbox 834 4092 1065 4148; x_wconf 74' lang='lat' dir='ltr'><strong>exteris</strong></span> <span class='ocrx_word' id='word_1_392' title='bbox 1106 4088 1377 4149; x_wconf 76' lang='lat' dir='ltr'><strong>hostibus</strong></span> <span class='ocrx_word' id='word_1_393' title='bbox 1427 4100 1778 4172; x_wconf 84' lang='lat' dir='ltr'><strong>reportatas.</strong></span> <span class='ocrx_word' id='word_1_394' title='bbox 1866 4094 2059 4159; x_wconf 77' lang='lat' dir='ltr'><strong>Quare</strong></span> <span class='ocrx_word' id='word_1_395' title='bbox 2112 4095 2427 4151; x_wconf 81' lang='lat' dir='ltr'><strong>verisimile</strong></span> <span class='ocrx_word' id='word_1_396' title='bbox 2479 4105 2594 4167; x_wconf 81' lang='lat' dir='ltr'><strong>est,</strong></span> 
     </span>
     <span class='ocr_line' id='line_1_44' title="bbox 383 4174 2592 4253; baseline 0.004 -27"><span class='ocrx_word' id='word_1_397' title='bbox 383 4187 614 4229; x_wconf 81' lang='lat' dir='ltr'><strong>carmen</strong></span> <span class='ocrx_word' id='word_1_398' title='bbox 651 4193 688 4232; x_wconf 88' lang='lat' dir='ltr'><strong>a</strong></span> <span class='ocrx_word' id='word_1_399' title='bbox 725 4174 954 4234; x_wconf 82' lang='lat' dir='ltr'><strong>Davide</strong></span> <span class='ocrx_word' id='word_1_400' title='bbox 997 4174 1214 4231; x_wconf 86' lang='lat' dir='ltr'><strong>editum</strong></span> <span class='ocrx_word' id='word_1_401' title='bbox 1256 4194 1380 4233; x_wconf 88' lang='lat' dir='ltr'><strong>esse</strong></span> <span class='ocrx_word' id='word_1_402' title='bbox 1423 4176 1733 4234; x_wconf 87' lang='lat' dir='ltr'><strong>serioribus</strong></span> <span class='ocrx_word' id='word_1_403' title='bbox 1763 4177 1917 4233; x_wconf 78' lang='lat' dir='ltr'><strong>vitae</strong></span> <span class='ocrx_word' id='word_1_404' title='bbox 1948 4178 2154 4249; x_wconf 83' lang='lat' dir='ltr'><strong>annis,</strong></span> <span class='ocrx_word' id='word_1_405' title='bbox 2209 4197 2386 4253; x_wconf 88' lang='lat' dir='ltr'><strong>quum</strong></span> <span class='ocrx_word' id='word_1_406' title='bbox 2433 4176 2592 4235; x_wconf 79' lang='lat' dir='ltr'><strong>domi</strong></span> 
     </span>
     <span class='ocr_line' id='line_1_45' title="bbox 340 4257 2598 4340; baseline 0.004 -28"><span class='ocrx_word' id='word_1_407' title='bbox 340 4294 349 4307; x_wconf 39' lang='grc' dir='ltr'><em>κ</em></span> <span class='ocrx_word' id='word_1_408' title='bbox 383 4257 634 4334; x_wconf 84' lang='lat' dir='ltr'><strong>bellique</strong></span> <span class='ocrx_word' id='word_1_409' title='bbox 669 4270 907 4337; x_wconf 83' lang='lat' dir='ltr'><strong>potens,</strong></span> <span class='ocrx_word' id='word_1_410' title='bbox 957 4257 1222 4315; x_wconf 85' lang='lat' dir='ltr'><strong>hostibus</strong></span> <span class='ocrx_word' id='word_1_411' title='bbox 1256 4262 1699 4337; x_wconf 83' lang='lat' dir='ltr'><strong>circumquaque</strong></span> <span class='ocrx_word' id='word_1_412' title='bbox 1732 4262 2009 4331; x_wconf 83' lang='lat' dir='ltr'><strong>devictis,</strong></span> <span class='ocrx_word' id='word_1_413' title='bbox 2065 4271 2124 4316; x_wconf 87' lang='lat' dir='ltr'><strong>et</strong></span> <span class='ocrx_word' id='word_1_414' title='bbox 2154 4280 2338 4340; x_wconf 79' lang='lat' dir='ltr'><strong>regno</strong></span> <span class='ocrx_word' id='word_1_415' title='bbox 2369 4265 2598 4320; x_wconf 80' lang='lat' dir='ltr'><strong>consti-</strong></span> 
     </span>
     <span class='ocr_line' id='line_1_46' title="bbox 384 4332 2598 4424; baseline 0.003 -26"><span class='ocrx_word' id='word_1_416' title='bbox 384 4350 547 4416; x_wconf 71' lang='lat' dir='ltr'><strong>tuto,</strong></span> <span class='ocrx_word' id='word_1_417' title='bbox 602 4345 668 4402; x_wconf 86' lang='lat' dir='ltr'><strong>in</strong></span> <span class='ocrx_word' id='word_1_418' title='bbox 710 4344 1002 4400; x_wconf 83' lang='lat' dir='ltr'><strong>altissima</strong></span> <span class='ocrx_word' id='word_1_419' title='bbox 1038 4360 1180 4420; x_wconf 84' lang='lat' dir='ltr'><strong>pace</strong></span> <span class='ocrx_word' id='word_1_420' title='bbox 1222 4343 1472 4424; x_wconf 70' lang='lat' dir='ltr'><strong>degeret.</strong></span> <span class='ocrx_word' id='word_1_421' title='bbox 1527 4375 1617 4389; x_wconf 87' lang='lat'><strong>--</strong></span> <span class='ocrx_word' id='word_1_422' title='bbox 1676 4332 1931 4424; x_wconf 44' lang='lat' dir='ltr'><strong>Legitur³</strong></span> <span class='ocrx_word' id='word_1_423' title='bbox 1967 4341 2079 4402; x_wconf 86' lang='lat' dir='ltr'><strong>boc</strong></span> <span class='ocrx_word' id='word_1_424' title='bbox 2123 4346 2310 4421; x_wconf 85' lang='lat' dir='ltr'><strong>ipsum</strong></span> <span class='ocrx_word' id='word_1_425' title='bbox 2361 4364 2598 4404; x_wconf 79' lang='lat' dir='ltr'><strong>carmen</strong></span> 
     </span>
    </p>
   </div>
   <div class='ocr_carea' id='block_1_7' title="bbox 392 4507 403 4533">
    <p class='ocr_par' dir='ltr' id='par_1_8' title="bbox 392 4507 403 4533">
     <span class='ocr_line' id='line_1_47' title="bbox 392 4507 403 4533; baseline 0 0"><span class='ocrx_word' id='word_1_426' title='bbox 392 4507 403 4533; x_wconf 56' lang='lat' dir='ltr'><strong>&#39;k</strong></span> 
     </span>
    </p>
   </div>
  </div>
 </body>
</html>
