2807 4913
813 310 942 384 Ps-
988 307 1109 402 57,
1158 306 1454 398 8—11.
1543 311 1658 379 Pe.
1709 310 1825 376 58.
2282 312 2431 386 363

217 473 477 553 accurrit
502 502 770 566 venator,
817 492 1055 553 eandem
1082 494 1476 574 jugulaturus.
1547 494 1827 563 Quamvis
1857 496 2010 554 enim
2041 497 2190 557 allas
2224 501 2433 559 incur-

217 579 482 638 vationis
530 578 723 658 figura
765 580 1059 637 moestitia
1099 597 1325 637 summa
1369 581 1521 636 solet
1562 580 1921 659 significari,
1978 592 2046 640 ut
2089 583 2184 643 Ps.
2222 589 2337 659 38,
2371 590 2432 645 7.

214 661 351 723 Jud.
380 664 476 735 ll,
507 664 608 720 35.
650 657 768 720 Jes.
801 666 903 735 58,
933 666 1025 737 5.;
1079 662 1193 722 hoc
1234 674 1428 721 tamen
1465 667 1594 722 loco
1631 665 1791 721 illam
1832 684 2005 741 quam
2035 665 2306 727 dedimus
2328 691 2432 730 cx-

215 749 589 825 plicationem
626 759 933 806 contextus
965 748 1194 806 videtur
1221 747 1508 828 flagitare.
1566 747 1773 805 Aben-
1790 749 1940 807 Esra
1972 761 2162 824 notat,
2196 756 2431 813 verbnm

178 895 182 900 ,
215 843 355 920 qn:
396 850 520 889 esse
561 834 653 890 vel
690 833 1174 904 intransitivum,
1234 836 1487 908 ponique
1523 835 1944 908 masculinum,
2002 838 2157 893 sicut
2199 852 2328 926 Ψῦξ
2373 850 2433 896 et

213 900 367 974 alias
399 919 779 991 construitur,
820 920 1006 976 veluti
1044 919 1188 976 Gen.
1221 919 1325 990 46,
1360 918 1462 974 25.
1481 959 1501 990 ,
1544 921 1638 976 vel
1671 937 1794 977 esse
1826 921 2249 993 transitivum,
2277 903 2347 1000 q.
2374 924 2430 981 d.

213 1002 622 1078 unusquisque
662 1003 947 1060 incurvat
984 1004 1241 1061 animam
1278 1021 1484 1075 meam,
1525 1021 1571 1060 s.
1598 1003 1933 1062 incurvavit
1963 1004 2151 1063 hostis
2180 1009 2433 1066 animam

212 1103 425 1157 meam,
469 1105 646 1162 quum
688 1089 997 1145 transitive
1031 1097 1091 1144 et
1119 1086 1229 1145 Jes
1260 1086 1361 1158 58,
1391 1086 1449 1144 5.
1487 1098 1815 1163 usurpetur.
1883 1088 2041 1146 Hinc
2065 1101 2270 1148 nostro
2303 1095 2432 1151 loco
2533 1084 2558 1092 ”

211 1168 681 1229 Alexandrinus:
711 1173 1110 1252 κατέκαμψαν
1140 1169 1252 1248 τήν
1279 1166 1482 1251 ψυχήν
1508 1194 1650 1250 μου,
1685 1171 2016 1253 vulgatus:
2037 1175 2438 1235 incurvarunt

213 1247 570 1332 (Chaldaeus
594 1254 962 1334 incurvavit)
1001 1260 1255 1315 animam
1286 1274 1488 1314 meam.
1572 1255 1750 1346 nna?
1794 1253 1931 1351 'emb
1974 1267 2094 1349 Ἠῶ,
2125 1256 2436 1319 Foderunt

212 1348 364 1399 anto
405 1358 493 1397 mc
510 1338 786 1416 foveam,
827 1341 946 1401 vid.
980 1343 1055 1402 ad
1080 1341 1269 1413 Ps.7,
1304 1341 1400 1400 16.

398 1459 456 1516 8.
540 1453 649 1543 ἐξ
698 1460 834 1548 1³¹2:
868 1455 1206 1516 Firmatum
1247 1465 1342 1515 est
1384 1476 1491 1515 cor
1533 1475 1751 1530 meum,
1809 1449 1854 1514 i.
1894 1477 1944 1514 c.
1986 1453 2130 1515 forti
2172 1478 2241 1517 ac
2277 1457 2433 1521 laeto

216 1541 419 1600 animo
449 1562 596 1615 sum,
638 1545 740 1621 qui
767 1545 830 1600 in
860 1554 916 1601 te
942 1544 1211 1602 fiduciam
1241 1561 1427 1600 meam
1457 1559 1629 1616 pono.
1690 1539 1779 1600 cf.
1806 1542 1880 1600 ad
1915 1544 2012 1614 10,
2031 1546 2088 1599 7.
2147 1542 2261 1602 Ηίο
2291 1546 2436 1604 Ver-

213 1644 321 1685 sus
356 1637 414 1685 et
444 1638 714 1706 quatuor,
756 1631 856 1705 qui
886 1632 1149 1703 proxime
1182 1640 1541 1705 sequuntur,
1582 1628 1820 1704 repetiti
1852 1637 1990 1684 sunt
2024 1628 2165 1702 108,
2193 1628 2335 1686 2-
2253 1632 2434 1706 -6.,

216 1715 422 1790 paucis
466 1732 572 1770 nec
611 1716 810 1793 magni
848 1715 1128 1771 momenti
1163 1714 1603 1771 mutationibus.

398 1831 460 1886 9.
543 1831 723 1917 ''33:223
767 1840 930 1892 nna&
974 1829 1251 1910 Evigilo,
1293 1831 1496 1907 gloria
1537 1828 1706 1886 mea!
1768 1830 1808 1886 i.
1841 1848 1890 1886 e.
1924 1829 2122 1886 anima
2156 1849 2314 1906 mea,
2360 1832 2433 1892 cf.

217 1911 295 1969 ad
341 1915 401 1982 7,
432 1916 490 1971 6.
551 1892 648 1986 16,
681 1918 739 1973 9.
797 1898 912 1988 30,
948 1917 1045 1975 13.
1134 1917 1251 1973 Alii
1296 1913 1429 1974 h.1.
1485 1932 1587 1988 per
1628 1912 1884 1991 gloriam
1925 1915 2181 1998 intelligi
2223 1930 2435 1991 putant

217 1994 480 2055 nablium
519 2007 579 2054 et
607 1999 940 2072 citharam,
983 2019 1127 2078 quae
1155 2019 1293 2058 mox
1325 2011 1677 2075 sequuntur,
1722 2009 2025 2076 propterea
2057 2002 2211 2076 quod
2242 2021 2310 2059 ea
2341 2007 2436 2061 in·

221 2090 547 2140 strumenta
577 2081 828 2158 Davidi,
881 2093 951 2141 ut
994 2087 1136 2143 artis
1177 2086 1432 2142 musicae
1467 2087 1692 2160 perito,
1745 2102 2017 2163 magnam
2046 2088 2437 2147 conciliabant

219 2167 509 2244 gloriam,
569 2170 600 2224 1
625 2168 783 2227 Sam.
821 2169 920 2228 16.
1006 2168 1117 2227 Cui
1156 2170 1476 2227 sententiae
1521 2179 1713 2226 tamen
1759 2169 1863 2225 alii
1905 2169 2055 2241 loci,
2116 2172 2181 2227 in
2223 2174 2435 2248 quibus

219 2251 377 2311 7³2:
414 2262 607 2328 aperte
641 2254 710 2311 de
741 2257 936 2312 anima
971 2265 1319 2330 usurpatur,
1375 2271 1497 2309 non
1523 2251 1738 2311 favent.
1823 2255 2008 2314 ἾἿΞΞἹ
2059 2249 2224 2339 bugu-‚t
2271 2267 2438 2321 Πῆυ

216 2318 470 2412 Evigila
496 2335 746 2395 nablium
775 2348 839 2396 et
870 2338 1122 2412 cithara,
1154 2339 1272 2396 vid.
1307 2338 1375 2396 de
1406 2345 1648 2414 utroque
1681 2338 1752 2395 ad
1784 2337 1886 2410 33,
1913 2339 1974 2395 2.
2039 2322 2220 2400 'wsb‘
2225 2350 2438 2405 ΓΠΨΝ

220 2417 528 2497 Evigilabo
570 2441 771 2498 mane,
811 2427 1050 2483 verbum
1086 2433 1202 2491 *tw
1233 2426 1298 2481 in
1327 2421 1537 2496 Hiphil
1574 2420 1631 2480 h.
1659 2424 1699 2481 l.
1730 2424 2100 2482 intransitive
2130 2405 2441 2506 accipitur,

220 2515 296 2563 ut
337 2505 440 2580 35,
467 2508 567 2564 23.
612 2510 831 2588 evigila
874 2520 936 2567 et
980 2509 1426 2588 expergiscere.

403 2624 501 2680 ll.
581 2622 734 2683 Nam
776 2628 859 2686 ad
902 2627 1093 2685 coelos
1143 2643 1326 2704 usquo
1380 2626 1586 2702 gratia
1642 2628 1751 2683 tua
1800 2644 2014 2703 magna
2056 2636 2185 2700 cst,
2252 2639 2318 2687 et
2360 2623 2446 2692 ad

219 2705 405 2765 nubes
449 2727 631 2785 usquc
671 2715 904 2772 veritas
949 2722 1087 2788 tua,
1146 2713 1186 2769 i.
1216 2730 1266 2768 e.
1310 2713 1592 2769 immensa
1635 2719 1696 2767 et
1737 2710 2050 2770 ineffabilis
2093 2724 2182 2772 est
2223 2717 2440 2777 veritas

222 2795 678 2870 promissionum
719 2807 974 2861 tuarum.

1197 2983 1312 3043 Ps.
1372 2982 1475 3044 58.

400 3097 917 3175 Reprehenduntur
949 3100 1175 3177 judices
1216 3103 1460 3176 injusti,
1520 3114 1768 3177 quorum
1804 3099 2107 3173 impietas,
2163 3115 2310 3174 quae
2343 3099 2444 3159 de·-
2501 3154 2506 3157 ,

221 3182 503 3241 scribitur
544 3181 646 3243 Vs.
677 3186 929 3260 3·--6.,
989 3198 1153 3246 tanta
1196 3189 1312 3258 sit,
1372 3195 1442 3242 ut
1481 3184 1802 3243 vindictam
1844 3185 2099 3243 divinam
2143 3197 2440 3261 provocet,

226 3265 330 3325 Vs.
352 3269 577 3326 7-10.
620 3271 751 3337 Quo
779 3271 932 3328 facto
962 3273 1047 3348 pii
1075 3275 1137 3330 in
1166 3273 1403 3330 virtutis
1434 3270 1629 3328 studio
1658 3269 2094 3343 confirmentur,
2111 3266 2208 3326 Vs.
2226 3269 2320 3328 11.
2343 3274 2440 3328 12.

398 3365 669 3447 Plerique
702 3369 989 3430 Psalmum
1030 3374 1494 3445 interpretantur
1534 3369 1603 3427 de
1645 3371 1997 3428 consiliariis
2037 3370 2202 3428 aulae
2246 3367 2444 3429 Sauli-

226 3472 368 3526 cae,
426 3457 527 3530 qui
560 3474 753 3534 regem
793 3457 1069 3515 adversus
1112 3456 1396 3515 Davidem
1436 3454 1693 3512 exsulem
1731 3455 2038 3512 calumniis
2080 3456 2203 3512 suis
2241 3458 2446 3513 irrita-

224 3539 411 3612 bant,
483 3542 639 3597 inter
699 3560 842 3617 quos
899 3543 1144 3600 eminuit
1198 3538 1478 3620 Doegus,
1548 3538 1893 3606 Idumaeus3
1967 3557 2081 3614 quo
2135 3549 2445 3597 accusante

226 3635 292 3682 et
320 3625 530 3680 mortis
563 3628 908 3683 sententiam
940 3634 1286 3704 exsequente
1326 3625 1568 3681 immani
1610 3622 1949 3681 crudelitate
1990 3624 2449 3683 interficiebatur

226 3707 705 3780 Achimelechus,
745 3712 1048 3784 sacerdos,
1103 3730 1232 3768 cum
1265 3719 1394 3768 tota
1424 3709 1664 3766 familia.
1747 3708 1869 3765 Alii
1899 3708 1970 3766 de
2005 3711 2253 3767 consilio
2291 3710 2444 3766 sedi-

230 3794 519 3851 tiosorum
569 3793 1045 3854 Absalonicorum
1093 3795 1387 3853 Psalmum
1434 3795 1910 3869 interpretantur.
1990 3793 2088 3851 Illi
2131 3795 2284 3851 enim
2326 3810 2449 3849 non

226 3879 459 3950 minus,
503 3896 672 3954 quam
700 3876 956 3952 Saulici,
993 3891 1052 3937 et
1085 3882 1223 3937 odia
1254 3877 1724 3950 inflammabant,
1770 3887 1829 3935 et
1860 3877 2059 3935 caedes
2090 3878 2447 3944 suadebant}

230 3972 410 4040 atque
449 3962 523 4020 ad
563 3964 932 4027 innocentem
970 3966 1158 4040 ipsum
1195 3962 1647 4041 persequendum
1683 3970 1743 4019 et
1781 3980 1985 4020 causas
2011 3961 2086 4019 ad
2107 3962 2453 4020 Absalonem

231 4047 602 4120 deferebant,
674 4058 734 4105 et
776 4068 906 4105 cum
954 4051 1082 4125 ipso
1140 4050 1213 4106 ad
1255 4067 1380 4104 rem
1431 4048 1874 4123 conspirabant,
1941 4048 2246 4124 sociosque
2291 4063 2356 4103 se
2396 4046 2456 4103 ei

231 4131 521 4191 facinoris
562 4133 986 4213 adjungebant,
1037 4153 1157 4191 non
1184 4132 1406 4207 judicio
1435 4150 1575 4189 vero
1594 4171 1613 4201 ,
1654 4132 1755 4190 sed
1782 4141 1987 4190 contra
2018 4132 2455 4204 conscientiam,

233 4217 305 4275 in
334 4216 728 4274 assentatione
753 4237 948 4292 mera,
999 4227 1067 4275 ut
1096 4220 1220 4275 suis
1255 4226 1313 4273 et
1345 4217 1553 4273 alienis
1587 4215 1885 4274 affectibus
1912 4216 2286 4277 inservirent.
2354 4213 2455 4274 Dc

232 4298 487 4359 Wnrtm
532 4312 768 4395 questus
799 4301 831 4359 J
837 4302 1006 4361 udaei
1045 4303 1290 4376 alicujus
1328 4303 1486 4358 inter
1526 4303 1723 4359 exules
1765 4301 2020 4358 viventis
2062 4298 2136 4361 de
2162 4301 2459 4378 judicibus

236 4385 480 4461 injustis
521 4376 724 4465 populi
763 4389 944 4450 alieni
980 4387 1093 4448 hoc
1134 4387 1388 4449 carmine
1426 4386 1722 4449 contineri
1756 4386 2073 4451 existimat·
