2807 4913
379 234 550 335 '530
811 263 818 276 ’
1179 260 1298 326 Pa.
1336 257 1460 345 94,
1523 277 1549 321 ι
1576 280 1602 322 ι
1628 296 1728 309 --
1757 259 1862 324 ,5.

403 468 607 511 surum
636 443 891 504 invobis
919 441 1148 520 aliquid
1172 460 1343 513 eum,
1399 443 1504 518 qui
1541 444 1803 500 omnium
1840 442 2191 519 populorum
2231 443 2439 504 totius
2463 444 2635 503 orbis

403 538 668 594 facinora
718 529 1022 586 ulciscitur
1073 536 1132 584 et
1186 528 1387 603 poenis
1437 523 1841 604 persequitur²
1925 525 2049 584 Aut
2093 527 2248 588 nihil
2292 530 2657 608 intelligere·

403 639 556 688 eum,
598 629 733 702 mg?
763 619 890 699 me}
931 607 1161 695 77:3{27233
1204 612 1309 688 qui
1343 611 1517 668 docet
1548 610 1831 668 hominem
1859 612 2178 670 seientiam
2221 611 2635 688 (aposiopesis,

407 705 596 780 qualis
635 676 781 770 6,4.
816 679 1043 754 2Sam.
1076 674 1137 767 5,
1163 698 1224 752 8.
1276 696 1415 754 coll.
1451 694 1637 754 lchr.
1670 697 1767 768 11,
1796 696 1924 768 6.),
1990 698 2093 773 qui
2124 700 2282 754 solus
2314 697 2483 755 docet
2517 698 2627 756 ho-

408 791 592 847 mines
622 801 844 859 sapere,
881 799 923 862 ‘a
948 797 1064 857 quo
1096 782 1257 838 venit
1287 782 1477 840 omnis
1506 782 1896 861 intelligentia
1924 791 1982 837 et
2012 781 2315 856 sapientia.

582 887 677 941 ll.
765 881 887 939 imo
932 893 1130 938 omnes
1180 883 1357 939 etiam
1399 893 1592 938 motus
1635 880 1828 937 cordis
1887 880 2126 940 humani
2175 883 2516 958 introspicit
2571 894 2628 939 et

407 971 577 1032 novit
608 969 772 1040 Jovu,
809 965 1007 1023 nullae
1038 967 1430 1043 cogitationes
1463 964 1760 1023 hominum
1788 968 1974 1022 latent
1999 985 2145 1022 eum.
2206 967 2430 1067 Neque
2459 970 2629 1024 novit

411 1066 644 1114 tantum
686 1053 822 1122 has,
863 1049 963 1107 sed
991 1067 1186 1107 vanas
1226 1052 1409 1107 etiam
1447 1062 1505 1108 et
1546 1052 1749 1107 inanes
1792 1068 1917 1105 esse
1958 1053 2125 1108 novit
2162 1054 2499 1123 universas,
2567 1063 2627 1108 et

409 1140 562 1199 nihil
598 1156 766 1212 posse
808 1152 1067 1211 prorsus.
1148 1135 1271 1193 Alii
1304 1136 1482 1198 verba
1525 1130 1656 1220 ὂειπ
1698 1132 1993 1193 Ἐπ’-’Ὁ
2030 1136 2115 1190 sic
2153 1137 2424 1210 capiunt.
2474 1134 2633 1212 quod

371 1236 375 1241 '
409 1225 537 1304 ipss·
576 1243 652 1280 se.
697 1220 955 1277 homines
1000 1219 1120 1291 (est
1164 1221 1319 1276 enim
1363 1237 1683 1294 pronomen
1723 1202 2029 1278 masculini
2076 1220 2336 1299 generis)
2379 1222 2628 1279 vanitas

409 1308 513 1386 (ef.
545 1310 650 1379 39,
682 1308 739 1362 6.
776 1305 868 1361 12.
909 1300 1194 1383 62,10.),
1241 1302 1353 1361 hac
1376 1304 1693 1361 sententia:
1752 1299 1941 1370 Dum
1970 1324 2087 1360 non
2121 1304 2295 1362 modo
2328 1303 2631 1362 hominum

361 1455 370 1464 ,
411 1396 673 1473 cogitata
712 1408 917 1460 nosse,
973 1387 1076 1444 sed
1111 1389 1286 1446 etiam
1318 1390 1509 1464 ipsum
1542 1386 1833 1444 hominem
1869 1406 2079 1444 vanum
2117 1408 2242 1446 esse
2280 1391 2467 1462 scire,
2527 1391 2630 1465 qui

412 1493 825 1573 saepenumero
857 1492 924 1532 ea
956 1482 1147 1532 verset
1178 1474 1412 1546 animo,
1463 1488 1710 1568 qnorum
1739 1472 2218 1574 perficiendorum
2249 1476 2336 1531 illi
2369 1484 2630 1552 potestas

412 1562 642 1622 ademta
681 1561 777 1617 sit.

593 1665 689 1720 12.
775 1659 1022 1733 Beatus,
1083 1675 1252 1736 quem
1293 1668 1361 1717 tu
1402 1660 1658 1739 castigas
1699 1669 1759 1716 et
1792 1658 2092 1730 instituis,
2150 1678 2318 1736 quem
2355 1670 2421 1718 tu
2457 1659 2632 1717 doces

334 1797 341 1807 ,
417 1749 749 1827 intelligere
795 1747 1141 1820 sapientiam
1191 1743 1717 1801 administrationis
1774 1752 1832 1800 et
1877 1742 2274 1818 providentiae
2321 1757 2492 1816 tuae3
2569 1744 2630 1801 id

413 1836 568 1891 enim
599 1831 656 1888 h.
684 1832 725 1889 1.
758 1828 1082 1908 significari
1118 1831 1354 1886 nomine
1395 1831 1629 1922 ἹΠἾῆι-ι
1665 1828 1817 1905 legis
1858 1837 2032 1901 tuae,
2088 1830 2292 1907 colligi
2325 1839 2516 1906 potest
2557 1848 2634 1887 ex

418 1920 527 1988 iis,
572 1933 719 1992 quae
759 1909 1023 1991 proxime
1063 1923 1405 1989 sequuntur.

596 2016 693 2073 13.
779 2012 880 2071 Aa
924 2015 1180 2091 quietem
1227 2013 1482 2071 dandum
1523 2012 1614 2083 ei,
1677 2014 1716 2070 i.
1747 2031 1800 2071 e.
1848 2021 1917 2070 ut
1958 2015 2208 2087 quietem
2251 2014 2308 2070 ei
2352 2016 2633 2073 concedas

367 2093 382 2104 κ
420 2120 466 2159 a
503 2097 704 2157 diebus
749 2097 925 2168 mali,
993 2098 1174 2155 donec
1198 2097 1502 2171 fodiatur
1543 2087 1750 2175 impiis
1778 2094 1992 2168 fovea.
2077 2095 2295 2154 Sensus
2336 2116 2636 2174 nexusque

422 2206 551 2243 cum
579 2185 652 2240 iis
682 2201 827 2259 quae
854 2173 1324 2258 praecesserunt:
1371 2181 1794 2256 beatussquem
1822 2189 1887 2236 tu
1911 2179 2183 2251 docuisti,
2207 2192 2284 2262 *ut
2312 2183 2635 2240 instructus

420 2291 458 2328 a
499 2280 556 2326 te
597 2268 847 2324 scientia
891 2276 1224 2325 sanctorum
1266 2267 1416 2323 sciat
1442 2266 1775 2342 ¹toleranter
1813 2264 1966 2322 ferre
2005 2266 2270 2324 miserias
2310 2263 2638 2323 'calamitosi

424 2353 825 2429 temporis‚e
794 2359 854 2407 et
895 2349 1084 2408 discat
1124 2368 1476 2431 agnoscere,
1543 2355 1665 2406 non
1705 2367 1828 2406 esse
1875 2358 2175 2424 perpetuas
2224 2351 2637 2428 castigationes

427 2451 595 2509 tuas,
662 2435 763 2494 sed
811 2443 1100 2511 exspectet
1147 2433 1372 2513 placide
1420 2436 1726 2511 animoque
1771 2434 2124 2510 tranquillo,
2199 2432 2380 2491 donec
2417 2454 2635 2510 poenae

424 2525 664 2583 meritae
705 2530 765 2578 et
803 2519 1127 2578 destinatae
1166 2522 1374 2622 impios
1408 2519 1846 2622 apprehendant
1883 2530 1941 2576 et
1973 2520 2284 2596 abripiant.
2371 2516 2637 2617 mmxliv-²·

424 2606 853 2669 Alexandrinus
893 2607 1003 2667 τοῦ
1043 2596 1312 2686 πραῧναι
1353 2599 1542 2685 αὐτῷ,
1585 2611 1644 2662 et
1670 2603 1960 2682 Vulgatus
2003 2612 2073 2660 ut
2105 2604 2344 2680 mitiges
2376 2604 2453 2677 ei,
2501 2585 2638 2662 red-

427 2692 610 2762 didit,
652 2692 691 2747 i.
723 2710 771 2746 e
801 2699 899 2763 ut,
944 2708 1074 2746 cum
1106 2709 1201 2748 res
1235 2686 1516 2747 adversae
1545 2685 1797 2764 undique
1828 2699 2099 2763 tanquam
2130 2689 2291 2745 senti
2326 2698 2385 2746 et
2418 2698 2640 2765 tempe-

425 2786 605 2835 states
651 2783 1049 2851 perstrepunt,
1108 2775 1276 2832 illum
1321 2792 1564 2833 summa
1588 2773 1771 2847 animi
1814 2773 2002 2847 quiete
2046 2789 2369 2831 conserves.
2452 2772 2641 2857 nugi,

405 2860 684 2934 foveam,
716 2859 941 2933 aliqui’
924 2877 989 2915 ιιι
1017 2877 1229 2940 genere
1262 2860 1723 2931 interpretantur
1757 2855 1826 2912 de
1853 2858 2121 2927 insidiis,
2136 2858 2343 2932 quihus
2370 2860 2641 2934 cupiatur

431 2945 654 3022 poenis
663 2943 1016 3016 destinatus3
1063 2943 1220 3001 haud
1251 2944 1375 3000 seio
1410 2952 1634 3012 tamen,
1681 2959 1757 2997 an
1788 2941 1859 2998 de
1891 2940 2195 3018 sepulchri
2215 2940 2414 3014 fovea
2452 2945 2641 3000 inter-

429 3027 648 3107 pretari
676 3026 756 3083 sit
784 3020 1162 3101 commodius,
1205 3044 1380 3103 quum
1408 3044 1567 3084 mors
1600 3026 1795 3097 etiam,
1837 3036 1897 3082 et
1926 3027 1989 3081 in
2017 3024 2204 3083 medio
2234 3027 2462 3101 quidem
2491 3027 2639 3086 flore

430 3113 639 3169 aetatis
666 3120 770 3167 aut
802 3113 864 3167 in
897 3113 1101 3170 mediis
1133 3113 1437 3169 conatibus
1470 3109 1828 3181 facinorum,
1868 3112 1948 3167 sit
1978 3128 2097 3167 una
2123 3128 2198 3166 ex
2225 3113 2426 3182 poenis
2458 3109 2644 3169 desti-

429 3198 585 3254 natis
622 3196 941 3270 impietati,
986 3205 1054 3253 ut
1098 3196 1336 3254 docetur
1376 3193 1483 3267 45,
1514 3193 1612 3255 15.
1659 3193 1761 3266 50,
1786 3196 1937 3252 24.

606 3298 704 3360 14.
790 3294 990 3373 Neque
1021 3297 1175 3353 enim
1205 3313 1461 3372 unquam
1489 3292 1650 3353 Deus
1683 3297 1947 3376 negliget
1975 3314 2145 3368 suos,
2194 3311 2506 3370 numquam
2543 3295 2644 3352 ille

433 3380 639 3460 prodet
680 3382 968 3459 peculium
1011 3399 1215 3455 suum,
1280 3389 1340 3437 et
1376 3382 1654 3458 populum
1695 3399 1860 3456 eum,
1920 3400 2086 3459 quem
2126 3381 2299 3438 habet
2341 3381 2645 3456 proprium

430 3476 491 3526 et
535 3486 725 3526 suum.

607 3564 704 3623 15.
789 3564 1061 3642 Explicat
1091 3575 1151 3624 et
1181 3565 1521 3637 confirmat,
1559 3535 1715 3642 quod
1748 3565 1849 3625 V.s
1892 3569 1986 3625 14.
2031 3565 2292 3625 dixerat.
2350 3575 2640 3645 *ug-³2·

439 3651 629 3711 neum
686 3650 839 3711 :ww
890 3661 1022 3751 ρζῑὶζ
1071 3648 1233 3720 Quia
1273 3649 1698 3723 adjustitiam
1738 3661 2081 3709 revertetur
2109 3651 2446 3724 judicium,
2482 3652 2549 3725 ,i.
2582 3670 2641 3709 .e.

425 3717 708 3809 judicium
739 3684 968 3809 tandem
992 3714 1215 3809 Justum
1244 3746 1303 3794 et
1332 3746 1555 3794 rectum
1585 3735 1708 3808 fiet,
1750 3746 1820 3793 ut
1848 3747 2182 3794 recreentur
2212 3737 2421 3806 sancti,
2451 3736 2643 3810 erepti

431 3819 773 3889 violentiae,
814 3828 873 3877 et
937 3821 1213 3877 uniantur
1241 3821 1684 3897 tollanturque
1666 3823 1848 3898 impii.
1932 3834 2161 3908 ἰ’ἾΓξΝἹ
2194 3819 2277 3876 Et
2309 3827 2458 3896 post
2491 3817 2646 3879 illud

433 3922 514 3959 sc.
538 3904 762 3976 justum
786 3905 850 3978 ju
919 3904 1091 3976 cium,
1121 3905 1275 3980 quod
1300 3907 1563 3982 proxime
1591 3906 1896 3981 praecedit.
1981 3885 2133 3963 Alii:
2176 3913 2239 3961 et
2266 3911 2418 3983 post
2455 3901 2642 3975 illane,

427 3987 736 4059 justitiam.
821 3985 1078 4047 Subaud.
1117 3989 1358 4047 verbum
1394 3991 1816 4047 substantivum
1864 4006 1917 4051 ἰ
1925 4000 2002 4068 η’·
2045 3998 2257 4060 erunt,
2317 3996 2385 4043 ut
2429 3986 2641 4044 lSam.

440 4072 656 4141 12,11.
701 4071 913 4131 2Sam;
941 4072 1144 4146 2,1o.‚
1187 4077 1279 4132 vel
1317 4069 1471 4165 7:²⁰2
1494 4072 1699 4147 ibunt,
1755 4084 1822 4130 ut
1859 4057 2054 4153 lffeg.
2086 4075 2185 4145 14,
2214 4074 2308 4145 8,
2367 4069 2423 4127 h.
2455 4090 2505 4126 e.
2547 4072 2641 4127 illi

432 4153 844 4229 adhaerebunt,
872 4156 1043 4233 idque
1067 4169 1379 4239 sequentur
1411 4170 1471 4216 et
1499 4156 1912 4216 collaudabunt
1945 4152 2410 4250 :ib-’‘3³15''-7-*2
2444 4172 2644 4211 omnes

361 4266 368 4273 ·
432 4239 594 4293 recti
630 4239 828 4312 eorde,
876 4241 1000 4297 vid.
1034 4240 1128 4299 Ps.
1158 4243 1218 4315 7,
1250 4245 1347 4301 11.
1395 4243 1495 4316 11,
1521 4243 1584 4303 2.
1628 4244 1731 4313 32,
1762 4244 1860 4298 11.
1947 4226 2200 4300 Sensus:
2243 4260 2350 4297 suo
2382 4251 2641 4315 tempore

346 4359 351 4365 -
424 4324 587 4396 justa
608 4322 828 4394 ¹iudicia
859 4323 1277 4385 exercebuntur
1302 4328 1758 4408 approbantibus
1790 4328 1957 4387 bonis
1988 4332 2053 4384 et
2077 4329 2190 4404 piis
2221 4324 2511 4385 omnibus.
