2807 4913
362 187 367 194 ι
1034 167 1078 214 5

308 313 312 318 ·
370 273 527 353 552
684 247 687 254 ”
1144 276 1274 345 Ρ..
1330 227 1501 361 ιὸι,
1552 272 1798 346 3-6.

374 471 436 521 et
452 459 777 528 secessibus·
793 458 1164 534 destinatum,
1192 462 1333 519 licet
1355 458 1599 535 januam
1620 476 1823 524 versus
1846 458 1981 517 illas
1999 454 2231 531 babeat,
2254 458 2607 537 plerumque

374 547 627 605 clausam
647 586 668 618 ,
721 553 950 604 coccam
991 557 1291 621 praeterea
1332 546 1585 618 scalam,
1650 563 1751 621 per
1799 561 1972 621 quam
2015 540 2284 599 descendi
2301 583 2322 616 ,
2377 553 2439 601 et
2487 564 2602 620 per

372 631 725 709 peculiarem
756 631 1056 688 coenaculi
1082 642 1312 707 portam
1338 632 1492 688 exiri
1519 632 1584 687 in
1609 632 1856 705 plateam
1884 636 2095 704 potest.
2152 626 2373 685 Eadem
2400 632 2601 708 signi-

374 715 647 775 ficatione
692 713 1020 773 Hebraeum
1062 710 1259 803 τινξιι
1298 713 1552 785 Jcr.22,
1586 716 1817 772 13.14.
1867 714 1898 768 1
1925 709 2060 770 Chr.
2089 713 2196 783 28,
2233 714 2334 770 ll.
2387 712 2597 770 2Chr.

377 801 532 884 3,9.
581 800 853 857 occurrit.
936 798 1040 858 Sic
1083 779 1267 878 igitur
1308 809 1367 858 et
1407 809 1607 864 noster
1646 796 1809 856 Deus
1853 796 2063 855 tribuit
2102 815 2209 853 sua
2252 800 2599 870 coenacula,

375 901 514 945 suos
545 894 799 942 secretos
832 901 868 942 a
896 884 1244 944 mortalibus
1276 901 1570 957 secessus,
1609 884 1794 960 aqua,
1835 883 2057 962 glacie,
2095 880 2372 956 nubibus,
2409 900 2602 964 gran·-

344 1039 347 1044 .
377 970 515 1026 dine
547 953 941 1027 contabulata.
1025 968 1315 1027 Arabibus
1350 971 1529 1027 etiam
1552 987 1880 1044 supremum
1913 968 2155 1046 coelum,
2198 966 2359 1024 sedes
2390 969 2599 1025 beato-

376 1070 531 1125 rum,
568 1063 841 1130 tanquam
873 1055 1107 1130 propria
1136 1053 1323 1131 poetis
1355 1071 1496 1112 voce
1526 1052 1900 1110 coenaculum
1932 1049 2165 1109 dicitur.
2233 1047 2596 1110 Chaldaeus:

375 1134 502 1207 Qui
544 1138 749 1218 operit
791 1137 967 1215 aquis
1008 1139 1211 1196 instar
1251 1146 1608 1196 structurae
1651 1135 1913 1194 trabium
1937 1136 2229 1215 porticus
2260 1154 2425 1194 suas.

545 1266 606 1321 4.
641 1285 644 1290 ·
691 1263 927 1342 Duplex
961 1272 1051 1323 est
1080 1264 1252 1340 hujus
1280 1264 1497 1323 Versus
1539 1264 1985 1341 interpretatio,
2046 1249 2221 1340 quum
2265 1264 2599 1339 praedicata

266 1407 269 1410 .
378 1350 445 1408 in
484 1349 834 1427 subJectum,
885 1363 967 1413 ut.
985 1347 1297 1409 Dialectici
1324 1350 1653 1451 appellant,
1711 1358 1770 1406 et
1799 1348 2110 1424 subjecta
2092 1367 2156 1406 ιιι
2196 1349 2597 1425 praedicatum

380 1436 655 1496 converti
682 1437 941 1511 possint,
985 1444 1044 1492 et
1073 1438 1195 1492 sint
1221 1434 1411 1493 haec
1393 1454 1459 1492 ιιι
1489 1433 1754 1492 Hebraeo
1783 1428 2124 1514 ἀμφίβολα.
2205 1432 2457 1491 Hebraei
2494 1435 2596 1491 in·-

378 1513 773 1595 terpretantur
815 1522 941 1591 sic,
994 1523 1187 1577 ventis
1231 1519 1422 1577 Deum
1475 1521 1569 1576 uti
1613 1539 1718 1595 pro
1761 1521 2026 1591 nunciis,
2098 1528 2156 1576 et
2206 1519 2365 1598 ignis
2418 1520 2598 1577 etiam

375 1605 727 1675 ministerio,
755 1614 928 1680 atque
956 1606 1041 1662 ita
1067 1606 1360 1664 ministris
1388 1605 1672 1681 utrisque,
1701 1614 1769 1660 ut
1794 1602 1869 1661 ad
1896 1605 2256 1661 occasionem
2279 1603 2599 1660 mentionis

376 1689 451 1745 de
485 1697 795 1748 ventorum
837 1692 1005 1764 quasi
1048 1691 1418 1769 aurigatione
1458 1688 1585 1763 (Vs.
1623 1688 1711 1764 3.)
1752 1690 1817 1745 ἰιι
1856 1688 1969 1748 hoc
2008 1690 2244 1763 insuper
2291 1686 2359 1744 de
2402 1690 2597 1745 ventis

377 1773 649 1853 ignisque
679 1774 1005 1832 ministerio
1041 1774 1367 1847 adjiciatur.
1425 1772 1517 1831 lta
1546 1771 1688 1832 haec
1713 1775 1829 1831 erit
1858 1774 2178 1831 sententia:
2219 1773 2310 1830 tui
2337 1773 2600 1830 ministri

375 1866 518 1918 sunt
548 1860 744 1930 venti,
785 1858 1055 1918 turbines
1083 1868 1143 1915 et
1171 1866 1574 1933 tempestates,
1625 1857 1777 1935 'quos
1817 1859 2040 1931 mittis,
2102 1875 2216 1934 quo
2259 1858 2403 1914 libet
2447 1858 2598 1932 tibi;

376 1961 486 2019 pro
519 1939 752 2008 nunciis
783 1951 842 1999 et
877 1942 1092 2021 legatis
1128 1941 1220 1999 his
1258 1944 1476 1999 uteris:
1525 1939 1681 2023 ignis
1703 1940 1948 1999 flamma
1977 1939 2287 2021 flagrantis
2316 1941 2598 1998 similiter

330 2069 333 2070 ν
375 2026 650 2089 ministra
677 2036 767 2084 est
795 2025 939 2099 tibi,
980 2029 1260 2102 ‘utrisque
1294 2028 1578 2103 imperas,
1639 2028 1876 2103 utrique
1912 2036 2117 2102 parent
2148 2025 2291 2096 tibi,
2334 2025 2496 2093 venti
2537 2034 2600 2082 ot

375 2109 565 2187 ignis,
605 2110 827 2168 fulmen
859 2120 918 2170 et
944 2113 1253 2190 procellae.
1343 2111 1462 2171 Sed
1495 2111 1746 2198 epistola
1779 2111 1852 2169 ad
1877 2105 2204 2211 Hebraeos,
2252 2106 2388 2184 Cap.
2424 2110 2480 2182 1,
2512 2112 2602 2183 7.,

373 2211 612 2271 eamque
651 2198 883 2272 sequuti
924 2196 1135 2269 multi,
1188 2206 1249 2252 et
1286 2197 1442 2254 inter
1484 2198 1637 2254 alios
1682 2188 2005 2269 Lutberus,
2057 2196 2126 2253 de
2161 2196 2237 2251 iis
2270 2194 2606 2272 spiritibus,

376 2280 481 2355 qui
510 2277 722 2359 Angeli
758 2298 794 2335 a
825 2279 1145 2361 Theologis
1182 2292 1495 2354 vocantur,
1537 2280 1681 2340 haec
1711 2282 2203 2356 interpretantur3
2255 2290 2317 2337 et
2350 2280 2603 2354 epistola

376 2364 606 2440 quidem
646 2366 720 2423 ad
754 2364 1050 2423 Hebraeos
1094 2366 1233 2424 ideo·
1263 2365 1337 2423 ad
1379 2368 1618 2445 angelos
1660 2366 1802 2423 haec
1835 2364 2049 2438 refert,
2105 2375 2170 2421 ut
2203 2364 2339 2421 hinc
2370 2363 2601 2436 doceat,

271 2460 276 2465 '
373 2445 483 2507 hos
525 2469 649 2508 esse
686 2461 1009 2511 creaturas.
1093 2449 1425 2509 Secundum
1461 2449 1613 2510 hanc
1650 2451 1839 2532 igitur
1876 2450 2341 2528 interpretandus
2377 2445 2599 2506 Versus

375 2535 464 2591 sic
492 2535 640 2594 erit:
685 2542 843 2616 creat
870 2537 983 2596 sibi
1008 2538 1277 2613 spiritus,
1321 2544 1478 2593 creat
1507 2531 1704 2616 ignem
1733 2535 2079 2606 flammeum,
2108 2537 2211 2612 qui
2241 2537 2360 2591 sint
2391 2535 2601 2591 nuncii

375 2628 438 2677 et
467 2620 722 2679 ministri
751 2620 866 2677 sui.
949 2617 1229 2700 Spiritus
1268 2630 1462 2677 autem
1500 2631 1605 2678 aut
1637 2628 1863 2692 ventae,
1906 2620 2141 2691 ηῆΓῖῚἻ,
2180 2621 2424 2677 nuncios
2455 2618 2599 2675 illos

376 2688 697 2779 appellatos
742 2705 987 2778 volunt,
1058 2704 1211 2782 quod
1254 2706 1374 2762 sint
1418 2716 1683 2778 expertes
1725 2705 2032 2777 corporis,
2094 2723 2274 2781 quum
2314 2711 2488 2761 vento
2535 2711 2600 2759 et

377 2789 617 2860 spiritui
644 2790 866 2846 nullum
898 2793 977 2847 sit
1008 2808 1249 2865 corpus,
1294 2797 1364 2847 ιιι
1396 2792 1481 2847 ita
1513 2790 1731 2871 dicam,
1776 2781 2146 2870 ἀῦλωτερον.
2227 2790 2351 2848 ΑΙίἰ
2385 2787 2601 2862 duplex

374 2868 771 2949 praedicatum
807 2872 978 2948 hujus
1013 2873 1226 2930 Versus
1256 2894 1358 2950 per
1389 2876 1878 2951 comparationem
1906 2871 2262 2954 Angelorum
2292 2893 2420 2932 cum
2453 2890 2598 2928 ven-

380 2955 466 3017 tis
509 2965 568 3013 et
610 2957 748 3033 igne
776 2958 1127 3035 flammante
1166 2952 1234 3015 de
1279 2961 1514 3017 illorum
1545 2960 1857 3016 velocitate
1894 2968 1951 3016 et
1985 2959 2235 3017 efficacia
2268 2960 2331 3015 in
2365 2955 2595 3036 agendo

376 3041 765 3121 intelligunt.
814 3041 906 3099 lta
939 3040 1289 3106 Chaldaeus:
1333 3042 1457 3112 Qui
1479 3043 1662 3116 facit
1704 3043 1952 3105 nuncios
1994 3062 2132 3102 suos
2169 3044 2394 3101 veloces
2430 3041 2603 3098 sicut

377 3135 650 3201 ventum3
717 3127 1028 3185 ministros
1071 3146 1210 3185 suos
1243 3130 1462 3205 fortes
1506 3130 1666 3186 sicut
1705 3129 1900 3206 ignem
1929 3131 2353 3208 flammantem.
2437 3126 2600 3186 Alii:

379 3208 548 3282 illos,
613 3211 718 3288 qui
771 3220 912 3274 sunt
965 3212 1198 3290 angeli,
1252 3213 1439 3286 facit
1488 3229 1617 3270 esse
1655 3216 1911 3287 νεῖκος,
1972 3214 2272 3272 vestiendo
2317 3230 2414 3269 eos
2457 3210 2602 3268 sub·

379 3296 600 3352 stantia
634 3297 817 3369 venti,
861 3308 929 3354 ιιι
958 3316 1091 3355 cum
1121 3297 1355 3357 Salonio
1387 3291 1594 3361 valvas
1625 3297 1852 3374 ligneas
1886 3314 2100 3356 aarum
2128 3299 2332 3361 fecisse
2362 3297 2602 3367 dicitur,

380 3378 611 3454 ,quando
645 3398 742 3437 eos
772 3383 1097 3440 substantia
1128 3384 1262 3445 auri
1290 3383 1550 3454 vestivit,
1589 3380 1786 3439 2Chr.
1813 3386 1877 3456 4,
1908 3385 2006 3442 18.
2033 3385 2133 3439 22.
2220 3380 2603 3459 simplicissi-

379 3479 536 3519 mum
583 3460 779 3522 tamen
818 3466 1082 3539 videtur,
1143 3465 1326 3539 haec,
1381 3476 1449 3522 ut
1481 3465 1735 3525 Hebraei
1773 3467 2035 3542 faciunt,
2097 3468 2185 3526 ad·
2219 3467 2501 3543 procellas
2538 3472 2603 3521 et

378 3544 648 3689 fulmi'nla1
653 3549 890 3707 {efgm’
922 3558 1069 3633 quae
1093 3552 1239 3610 alias
1268 3552 1445 3639 etiam
1470 3549 1600 3609 Deo
1629 3562 1697 3611 ut
1723 3554 2029 3652 ministros
2064 3556 2331 3613 tribuunt
2357 3549 2603 3622 Psalmi,

379 3648 422 3690 v
470 3649 503 3688 c

551 3758 610 3819 6.
694 3758 866 3819 Nunc
916 3766 1246 3837 enumerat,
1300 3763 1497 3840 inquit
1538 3762 1809 3837 Kimchi,
1873 3767 2160 3844 quomodo
2201 3784 2235 3822 a
2285 3760 2602 3820 creationis

379 3844 559 3902 initio
612 3851 769 3903 terra
824 3849 991 3922 aquis
1043 3857 1306 3906 contecta
1348 3847 1549 3906 fuerit.
1635 3847 1921 3908 Suffixum
1971 3853 2046 3910 ad
2095 3852 2291 3912 ἣτιὌΞ
2337 3845 2603 3911 referunt

381 3926 617 4003 quidam
664 3930 738 3987 ad
788 3939 1049 4005 terram,
1115 3950 1263 4009 quae
1304 3934 1567 4010 quamvis
1610 3932 1708 3991 Vs.
1745 3933 1801 4001 5.
1852 3937 2228 4012 praecesserit
2277 3934 2340 3990 in
2389 3947 2602 4010 genere

383 4010 668 4088 femineo,
725 4015 920 4071 rarius
960 4026 1150 4075 tamen
1193 4019 1364 4074 etiam
1403 4018 1728 4075 masculino
1768 4038 1979 4096 genere
2018 4021 2306 4092 occurrit,
2347 4025 2415 4072 ut
2456 4013 2602 4072 Gen.

388 4094 491 4169 13,
521 4099 579 4154 6.
617 4098 735 4156 Jes.
764 4100 826 4171 9,
860 4099 955 4155 18.
995 4098 1091 4159 Ps.
1125 4099 1264 4173 105,
1294 4103 1395 4158 30.
1458 4086 1574 4159 lta
1602 4103 1781 4161 verba
1813 4103 2073 4167 hebraea
2088 4106 2191 4161 sic
2202 4109 2375 4160 erunt
2407 4109 2601 4156 trans-

382 4175 655 4239 ferenda:
697 4181 910 4259 abysso
947 4192 1230 4263 tanquam
1268 4192 1434 4242 vesto
1479 4187 1783 4264 operuisti
1822 4207 1951 4247 eam
1991 4199 2228 4246 terram.
2314 4184 2431 4245 Sed
2467 4200 2604 4258 pos-

386 4278 584 4322 sumus
627 4265 895 4325 suffixum
937 4268 1097 4327 illud
1132 4271 1514 4327 masculinum
1558 4273 1735 4331 etiam
1785 4273 1860 4330 ad
1917 4274 2087 4350 nim]
2142 4270 2361 4329 referre
2418 4263 2603 4345 (quod

329 4361 569 4426 ·aeque
616 4352 997 4410 masculinum
1042 4363 1167 4427 est,
1223 4373 1274 4412 e.
1315 4373 1369 4412 c.
1418 4351 1551 4413 Jon.
1580 4357 1658 4429 2,
1692 4357 1751 4417 6.
1807 4351 2181 4432 Hab.3,10.
2240 4355 2337 4414 Pa.
2366 4354 2485 4426 42,
2520 4353 2603 4425 8.,

1250 4501 1281 4538 ὁ.
