2807 4913
1176 283 1301 351 Pe.
1359 301 1426 351 2.
2311 269 2418 371 27

199 464 558 524 Salomonem
606 467 822 544 optime
868 477 1176 550 congruat.
1258 467 1481 535 Narrat
1511 468 1668 533 enim
1700 468 1788 529 ibi
1818 463 2071 548 aliquis,
2113 480 2176 528 te
2209 471 2418 548 appel-

196 556 360 610 latum
395 553 751 629 quandoque
782 573 907 612 esse
934 552 1050 612 Dei
1076 556 1283 614 filium.
1366 555 1496 614 Jam
1537 574 1676 614 vero
1712 573 1889 631 quum
1920 565 2079 614 totus
2116 555 2214 614 hic
2241 560 2411 615 locus

194 637 427 716 pendeat
466 656 545 694 ex
578 641 930 696 auctoritate
960 642 1205 703 alterius
1233 640 1376 715 loci,
1421 642 1523 717 qui
1552 639 1770 702 2Sam.
1802 644 1863 712 7,
1900 641 2127 701 12.13.
2165 660 2416 698 comme-

196 732 486 794 moratur,
557 720 634 778 ad
674 710 846 796 hujus
888 726 1006 781 loci
1046 727 1393 782 sententiam
1439 728 1635 782 nostri
1676 727 2086 801 interpretatio
2129 734 2415 801 attempe-
2487 776 2497 797 ,

200 805 364 865 nuda
408 807 685 878 videtum
728 809 812 865 ibi
845 829 983 868 vero
1020 828 1139 866 non
1170 808 1300 868 Dax
1286 790 1424 868 ides
1453 808 1567 869 Dei
1599 810 1755 866 filius
1787 809 2024 882 dieitur,
2061 810 2163 867 sed
2200 811 2415 887 aliquis

209 912 257 949 ex
296 893 428 964 ejus
477 893 764 968 posteris,
825 896 988 969 cujus
1028 912 1238 950 nomen
1282 894 1539 951 nondum
1580 893 1799 951 editum
1842 903 1946 951 est.
2034 894 2218 962 Quae.
2239 913 2417 969 quum

198 995 456 1077 pugnare
483 976 795 1035 videantur
825 996 954 1034 cum
990 977 1079 1038 Ps.
1112 978 1215 1050 89,
1244 981 1344 1036 27.
1379 981 1515 1053 28.,
1555 979 1655 1037 ubi
1689 988 1847 1036 certa
1876 978 2046 1053 hujus
2077 979 2418 1055 appellatio-

198 1064 277 1118 nis
321 1061 591 1138 vestigia
634 1062 704 1119 de
736 1060 964 1119 Davide
1004 1082 1278 1139 expressa
1318 1074 1489 1140 sunt3
1543 1063 1928 1139 respondent,
1973 1065 2259 1140 potiorem
2293 1080 2417 1120 esse

194 1147 298 1203 loci
339 1148 413 1202 in
446 1146 702 1202 secundo
739 1146 1024 1204 Samuelis
1056 1149 1209 1206 libro
1240 1149 1399 1207 obvii
1427 1150 1912 1228 praerogativam,
1953 1159 2011 1205 et
2037 1149 2226 1206 videri
2251 1149 2420 1205 illum

192 1233 382 1288 locum
427 1231 603 1287 aliter
639 1231 997 1290 intellectum
1036 1252 1160 1290 esse
1200 1234 1273 1291 ab
1314 1233 1543 1291 Ethane
1580 1243 1747 1307 vate,
1791 1233 1886 1290 Ps.
1919 1235 2016 1291 89.
2049 1243 2318 1305 auctore,
2359 1243 2421 1289 et

193 1318 370 1372 certis
409 1315 486 1371 (le
528 1317 722 1371 causis
767 1317 843 1373 ad
881 1313 1166 1375 Davidem
1205 1318 1554 1376 traductum.
1637 1318 1857 1375 Verum
1898 1320 2194 1375 enimvero
2235 1327 2301 1373 ut
2345 1316 2424 1376 ad.

193 1400 578 1460 Salomonem
614 1418 847 1458 carmen
868 1402 1209 1477 referamus,
1247 1404 1616 1477 potissimum
1645 1401 1792 1459 illud
1819 1411 1996 1475 vetat,
2023 1399 2179 1479 quod
2206 1400 2425 1459 Psalmi

191 1487 442 1542 initium
474 1482 779 1543 invehitur
804 1488 869 1563 ἰιι
900 1489 1181 1563 populos,
1238 1490 1340 1564 qui
1377 1489 1537 1567 regis
1580 1507 1615 1545 a
1650 1485 1796 1546 Jova
1838 1488 2143 1545 constituti
2177 1487 2423 1562 imperio

193 1588 258 1628 se
289 1572 514 1627 nolunt
545 1568 849 1642 subjicere.
937 1570 1051 1630 Sed
1082 1591 1267 1650 neque
1303 1574 1367 1629 in
1394 1571 1620 1653 Regum
1647 1574 2094 1646 commentariis,
2136 1589 2322 1646 neque
2359 1572 2426 1627 in

193 1653 535 1715 Annalibus
569 1655 970 1729 brevioribus,
1013 1661 1256 1735 populos
1295 1657 1615 1732 finitimos,
1671 1677 1815 1735 quos
1849 1655 2101 1715 Davides
2141 1655 2256 1711 sibi
2287 1654 2426 1712 sub-

192 1742 458 1815 jecerat,
516 1738 832 1798 Salomone
868 1753 1151 1822 regnante
1197 1745 1475 1802 adversus
1522 1762 1651 1800 eum
1692 1743 2002 1800 rebellasse
2043 1739 2428 1818 perscriptum

197 1825 512 1900 reperitur.
584 1821 802 1883 Contra
838 1826 1031 1908 lReg.
1064 1831 1123 1899 5,
1152 1833 1214 1888 4.
1255 1827 1311 1884 5.
1350 1829 1449 1887 18.
1503 1826 1688 1889 lchr.
1721 1828 1825 1900 22,
1853 1830 1910 1885 9.
1946 1826 2156 1884 diserte
2188 1825 2428 1895 dicitur,

201 1910 408 1966 omnia
441 1920 649 1985 pacata
681 1911 786 1969 illo
823 1932 961 1993 rege
999 1912 1196 1970 fuisse.
1254 1943 1339 1956 —
1392 1905 1529 1970 Jam
1568 1934 1740 1991 quum
1779 1931 1963 1989 neque
2007 1912 2081 1969 ad
2123 1909 2430 1979 Davidem,

205 2011 397 2070 neque
428 1994 501 2052 ad
534 1993 905 2055 Salomonem
936 1997 1113 2056 hocce
1142 2016 1373 2056 carmen
1411 1999 1706 2057 commode
1738 1998 1945 2055 referri
1980 2005 2183 2074 queat,
2240 1996 2427 2052 multo

206 2081 410 2136 minus
440 2081 727 2137 seriorum
757 2079 1154 2141 Hebraeorum
1185 2084 1363 2141 alicui
1392 2083 1814 2141 accommodari
1846 2092 1976 2156 apte
2003 2083 2254 2157 poterit3
2307 2088 2428 2136 tam

207 2181 432 2242 magna
461 2166 616 2222 enim
646 2175 708 2221 et
733 2168 1027 2243 praeclara
1057 2178 1214 2242 sunt,
1258 2186 1405 2244 quae
1433 2168 1502 2225 de
1526 2188 1682 2246 rege,
1717 2167 1786 2223 de
1817 2185 1930 2242 quo
1956 2177 2118 2223 vates
2151 2166 2432 2241 loquitur,

210 2248 663 2324 praedicantur,
721 2260 791 2308 ut
827 2252 893 2309 in
925 2253 1152 2310 nullum
1185 2268 1387 2310 eorum
1421 2271 1627 2332 regum
1657 2252 1899 2323 cadant,
1955 2252 2055 2326 qui
2097 2259 2232 2324 post
2262 2248 2436 2307 Salo-

211 2350 448 2390 monem
482 2331 790 2392 Judaicum
819 2345 922 2394 aut
952 2337 1336 2395 Israeliticum
1362 2356 1611 2416 regnum
1636 2344 1967 2394 tenuerunt.
2034 2334 2223 2402 Quare
2259 2335 2438 2389 tutis-

213 2418 430 2477 simum
472 2420 624 2493 erit,
680 2423 1069 2481 vetustiorum
1109 2420 1508 2481 Hebraeorum
1565 2422 1913 2479 sententiam
1969 2419 2170 2495 sequi,
2233 2435 2441 2475 canere

214 2501 516 2562 Psalmum
569 2523 846 2585 magnum
897 2509 1064 2565 illum
1113 2527 1341 2588 regem,
1415 2518 1679 2580 wama-t,
1752 2514 1994 2564 unctum
2043 2498 2172 2565 κατ’
2226 2498 2443 2585 ἐξοχὴν

217 2587 476 2663 dictum,
518 2607 689 2665 quem
731 2589 984 2650 Hebraei
1019 2594 1331 2669 sperabant
1358 2592 1559 2662 futuro
1592 2593 1789 2667 aliquo
1816 2600 2080 2668 tempore
2114 2609 2238 2647 rem
2274 2591 2444 2669 ipso-

218 2691 356 2730 rum
383 2674 567 2732 multo
600 2677 938 2751 ampliorem
972 2686 1032 2734 et
1057 2678 1481 2756 augustiorem,
1527 2695 1698 2753 quam
1734 2692 1989 2754 unquam
2018 2684 2190 2731 antea
2213 2673 2443 2746 fuisset,

220 2766 722 2834 restauraturum,
783 2761 1052 2837 orbisque
1093 2771 1382 2819 terrarum
1423 2762 1668 2837 populos
1709 2779 1827 2817 una
1871 2779 2002 2817 cum
2043 2759 2164 2816 suis
2202 2759 2444 2838 regibus

222 2841 333 2898 sub
377 2852 721 2917 potestatem
760 2863 925 2903 suam
963 2846 1349 2904 redacturum.
1430 2844 1673 2903 Illorum
1727 2847 1916 2925 igitur
1953 2862 2136 2908 vanos
2180 2853 2447 2916 conatus,

226 2928 385 2983 tanti
420 2929 615 3007 regis,
672 2946 711 2986 ι
738 2927 887 2988 Jova
916 2931 1040 3006 ipso
1072 2931 1379 3003 constituti
1417 2940 1473 2986 et
1506 2931 1746 3006 adjuti,
1786 2932 2027 3005 imperio
2056 2948 2178 2986 sese
2211 2929 2450 2985 subtra-

221 3008 472 3083 luendi,
446 3031 769 3092 Jugumque
795 3016 937 3091 ipsis
963 3015 1297 3092 impositum
1325 3013 1677 3088 excutiendi,
1710 3015 1899 3072 forma
1927 3014 2250 3071 dramatica
2285 3022 2449 3070 vates

228 3094 527 3154 describit.
595 3096 683 3156 Cf.
717 3097 775 3156 d.
809 3118 867 3157 a.
898 3118 959 3157 u.
990 3118 1047 3156 n.
1083 3098 1371 3182 Mor-goul.
1412 3094 1478 3156 Ρ.
1512 3108 1571 3156 4.
1616 3116 1674 3174 p.
1707 3100 1846 3160 783.
1933 3098 2185 3173 Tempus
2225 3106 2447 3169 tamen,

229 3198 349 3255 quo
407 3184 786 3258 compositum
834 3187 913 3242 sit
963 3203 1226 3258 carmen,
1293 3203 1464 3241 nemo
1518 3180 1689 3242 facile
1744 3183 2085 3241 definiverit.
2176 3178 2449 3239 Ceterum

225 3263 504 3324 Messiam
530 3265 642 3323 hoc
672 3268 767 3326 Ps.
801 3269 966 3341 cani,
1010 3288 1344 3346 persuasum
1386 3277 1516 3325 erat
1547 3287 1774 3346 quoque
1803 3265 1981 3326 Petro
2028 3264 2182 3346 (Act.
2211 3269 2285 3338 4,
2315 3262 2452 3343 25.)

230 3359 290 3406 et
322 3349 511 3407 Paulo
554 3348 714 3427 (Act.
750 3356 848 3427 13,
872 3352 1036 3428 33.),
1100 3363 1159 3412 et
1190 3356 1244 3410 ei
1273 3354 1375 3429 qui
1403 3352 1513 3429 Ep.
1545 3354 1619 3410 ad
1648 3353 1946 3412 Hebraeos
1972 3353 2207 3428 scripsit
2245 3348 2450 3431 (Hebr.

234 3436 294 3508 l,
324 3431 434 3510 5.)‚
477 3435 578 3496 sed
601 3440 1110 3497 accommodarunt
1142 3456 1377 3496 carmen
1409 3438 1519 3509 illi,
1551 3457 1716 3515 quem
1743 3456 1946 3497 verum
1976 3436 2243 3516 Messinm
2277 3454 2453 3513 prae·-

231 3519 528 3582 dicarunt.
593 3517 752 3600 (Nisi
783 3525 925 3599 ipsis
954 3526 1131 3582 etiam
1158 3517 1453 3597 Apostolis
1483 3541 1816 3598 persuasum
1845 3520 2056 3595 fuerit,
2099 3539 2223 3578 esse
2261 3523 2327 3577 in
2359 3519 2454 3576 his

229 3605 527 3663 librorum
556 3626 854 3666 sacrorum
892 3611 1036 3667 locis
1053 3650 1073 3682 ,
1121 3609 1224 3683 qui
1252 3617 1392 3664 tunc
1421 3608 1698 3682 temporis
1727 3605 1800 3663 ad
1828 3603 2096 3663 Messiam
2126 3604 2458 3663 refereban-

233 3697 372 3762 tur,
427 3686 567 3749 Jesu
604 3690 960 3752 Nazaretani
1006 3710 1312 3769 personam
1355 3691 1790 3759 adumbratam3
1863 3709 2008 3766 quae
2049 3709 2143 3748 res
2196 3689 2456 3746 nondum

233 3775 382 3835 satis
417 3784 507 3831 est
534 3779 836 3852 explicata.
898 3778 1141 3836 Interim
1166 3773 1376 3854 legisse
1396 3777 1656 3849 juvabit,
1692 3794 1836 3853 quae
1864 3775 2099 3852 scripsit
2128 3773 2196 3830 V.
2217 3772 2292 3830 D.
2325 3774 2460 3847 qui-

235 3858 371 3916 dam
402 3860 471 3915 in
503 3863 691 3919 literis
722 3863 798 3919 ad
829 3861 1252 3920 Eichhornium
1283 3860 1467 3932 datis,
1511 3862 1746 3919 insertis
1785 3860 1891 3917 der
1922 3860 2144 3937 allgem.
2172 3855 2488 3915 Biblioth:

237 3944 298 4002 d.
333 3943 469 4003 bibl.
504 3945 630 4006 Lit.
661 3946 793 4004 Vol.
825 3945 881 4005 5.
923 3967 989 4024 p.
1013 3949 1158 4003 420.
1194 3941 1342 4024 sqq.)
1428 3945 1620 4018 Ipsum
1652 3956 1848 4008 tamen
1875 3942 2069 4002 Jesum
2097 3943 2463 4000 salvatorem

237 4031 393 4087 vatis
427 4033 612 4091 menti
644 4032 1015 4090 obversatum
1040 4031 1256 4102 fuisse,
1309 4049 1475 4089 nemo
1514 4031 1747 4103 credat,
1805 4030 1938 4108 qui,
1983 4028 2143 4086 nulla
2183 4045 2464 4102 praecon-

241 4125 405 4190 cepta
453 4117 728 4191 opinione
771 4127 1121 4194 occupatuS,
1169 4133 1360 4172 secum
1390 4124 1653 4189 reputet,
1698 4135 1844 4191 quae
1878 4112 1974 4169 Vs.
2008 4114 2067 4169 9.
2108 4112 2180 4168 de
2223 4111 2463 4180 crudeli,

245 4200 399 4277 quod
440 4203 505 4259 in
536 4204 781 4277 populos
821 4202 1078 4261 devictos
1114 4218 1221 4257 rex
1254 4200 1350 4254 ille
1395 4202 1757 4257 exerciturus
1798 4200 1909 4269 sit,
1965 4198 2209 4273 imperio
2254 4198 2462 4273 legun-

250 4295 361 4343 tur.
421 4318 506 4331 —
566 4283 837 4345 Ceterum
869 4287 965 4345 hic
1000 4285 1095 4344 Ps.
1131 4284 1268 4341 olim
1306 4288 1526 4359 primus
1565 4283 1716 4356 fuit,
1770 4283 1924 4360 quod
1959 4280 2056 4340 Ps.
2096 4285 2150 4339 l.
2191 4290 2468 4354 tanquam

250 4373 637 4450 prooemium,
692 4382 1030 4432 numeratus
1063 4388 1182 4428 non
1210 4377 1375 4426 esset.
1462 4368 1617 4427 Hinc
1649 4369 1904 4442 sactum,
1961 4379 2028 4426 ut
2057 4368 2187 4427 Act.
2223 4363 2336 4435 13,
2367 4362 2468 4418 33.
