2807 4913
373 269 491 381 «56ι
1245 278 1373 345 Ρε.
1422 297 1488 373 7,
1541 293 1603 343 α.
1652 273 1719 355 3.

368 416 559 544 quum
607 479 780 524 avum
831 456 1008 518 etiam
1047 476 1158 536 pro
1199 467 1365 537 patre
1406 460 1476 523 in
1516 459 1667 519 serie
1726 457 1957 538 generis
2002 464 2304 517 recensere
2341 454 2614 518 Hebraei

376 551 622 608 soleant.
660 576 663 581 ·
706 547 811 607 Sic
832 541 936 613 vs.
965 540 1086 601 15.
1109 545 1180 602 de
1217 543 1563 621 Ahitophele
1602 545 2075 619 interpretandus
2106 544 2255 617 erit,
2313 553 2374 601 et
2403 542 2509 601 Vs.
2535 549 2608 605 4.

372 635 476 694 -vel
508 633 577 690 de
601 627 1031 707 Mephibosetho
1046 669 1067 702 ,
1120 629 1220 688 vel
1254 630 1433 689 etiam
1465 630 1540 687 ¹de
1564 629 1746 689 Saulo
1775 628 2139 702 simpliciter.
2224 627 2609 702 objiciebant
2715 688 2720 697 ,

377 717 536 777 enim
558 715 672 773 hoc
689 714 1110 788 Beniaminitae
1130 711 1383 787 Davidi,
1426 713 1583 792 quod
1619 731 1726 789 pet
1757 713 1881 770 vim
1909 723 1970 769 et
1994 711 2257 770 fraudem
2283 714 2608 788 eripuisset

292 814 319 839 ³
372 817 628 882 regnum
669 799 850 859 Saulo
898 798 1136 874 ejusque
1188 801 1459 875 posteris.
1538 796 1755 877 Verum
1796 804 1866 852 ut
1907 805 2126 853 taceam
2143 836 2163 868 ,
2223 795 2378 854 haud
2421 796 2606 854 facile

297 954 299 956 ,
376 885 635 967 cogitari
671 901 840 961 posse
880 883 1204 956 rationem,
1260 901 1365 942 cur
1406 880 1594 941 Simei
1630 897 1844 939 nomen
1877 879 2135 939 Davides
2178 880 2604 955 dissimularet,

367 978 699 1030 occurrunt
746 968 832 1042 in·
856 964 956 1024 Ps.
1001 968 1130 1043 ipso
1178 969 1360 1041 talia,
1430 985 1580 1045 quae
1615 965 2000 1025 Absalonicae
2049 967 2439 1041 persecutioni
2487 968 2602 1024 vix

372 1055 753 1115 conveniant.
839 1049 1035 1110 Primo
1079 1053 1236 1110 enim
1284 1062 1455 1127 poeta
1499 1070 1626 1111 eum
1646 1090 1668 1124 ,
1730 1066 1767 1108 a
1811 1067 1927 1126 quo
1979 1051 2188 1129 gravia
2231 1068 2432 1124 passus
2481 1060 2600 1122 est,

372 1138 607 1197 inimici
645 1134 882 1195 nomine
915 1136 1181 1194 absolute
1217 1137 1472 1216 insignit
1505 1135 1634 1214 (Vs.
1667 1129 1762 1210 6.)
1780 1173 1800 1206 ,
1861 1141 2034 1210 atque
2079 1134 2285 1212 impiis
2329 1146 2600 1193 accenset

374 1217 511 1304 (Vs.
547 1219 709 1299 lo.)‚
767 1219 923 1299 quod
966 1220 1249 1279 Absaloni
1298 1223 1512 1297 partim
1550 1220 1742 1276 minus
1786 1220 2096 1291 convenit,
2151 1219 2366 1295 partim
2410 1220 2478 1300 de
2517 1238 2591 1276 eo

371 1323 499 1365 non
529 1306 764 1365 videtur
794 1304 1056 1364 dicturus
1086 1303 1361 1364 Davides.
1444 1306 1702 1364 Absalon
1737 1302 1892 1360 enim
1924 1320 2046 1360 non
2078 1312 2196 1360 tam
2223 1301 2493 1361 hostilem
2523 1305 2596 1361 in

369 1387 662 1462 Davidem
698 1389 883 1470 gessit
929 1389 1186 1448 animum
1227 1400 1288 1448 et
1333 1388 1631 1447 hostiliter
1672 1406 1805 1445 eum
1847 1396 2190 1463 'persecutus
2237 1396 2327 1444 est
2344 1428 2363 1460 ,
2416 1407 2597 1465 quam.

369 1492 623 1556 regnum
654 1474 840 1552 patris
855 1512 876 1545 ‚
905 1474 1029 1548 jun
1057 1475 1245 1548 senis,
1285 1471 1402 1533 sibi
1430 1472 1743 1533 affectavit.
1797 1532 1802 1543 ,
1828 1471 2136 1529 Praeterea
2167 1473 2310 1530 satis
2340 1475 2595 1546 constat,

371 1550 629 1636 quantus
661 1557 844 1617 fuerit
874 1559 949 1617 in.
970 1555 1199 1616 Davide
1230 1560 1490 1636 parentis
1518 1555 1758 1616 affectus
1788 1558 1855 1614 in
1878 1556 2224 1615 Absalonem
2240 1598 2260 1629 ,
2318 1558 2421 1632 qui
2460 1576 2596 1616 eum

373 1660 517 1703 sane
543 1640 873 1720 impedivit,
905 1660 1022 1720 quo
1049 1645 1244 1702 minus
1277 1642 1348 1701 de
1378 1642 1502 1700 filio
1537 1651 1658 1700 tam
1689 1641 1913 1700 duriter
1941 1641 2292 1718 loqueretur.
2359 1639 2594 1700 Deinde

374 1744 524 1804 quae
548 1725 647 1785 Vs.
673 1729 736 1784 3.
769 1727 1078 1804 leguntur,
1113 1746 1318 1803 parum
1347 1737 1489 1803 apta
1514 1727 1789 1786 videntur
1815 1725 2182 1784 Absalonicis
2218 1726 2592 1802 temporibus.

370 1810 621 1871 Etenim-
646 1827 994 1888 quamquam
1029 1811 1339 1891 aufugerat
1366 1809 1596 1883 David,
1648 1829 1826 1886 quum
1852 1809 2011 1866 filius
2039 1828 2283 1890 regnum
2312 1811 2428 1868 sibi
2458 1811 2591 1868 vio*
2655 1824 2660 1828 ·
2696 1817 2702 1821 ’

367 1897 563 1954 lenter
615 1893 977 1968 vindicaret,
1044 1897 1097 1953 i's
1137 1905 1335 1954 tamen
1371 1906 1595 1974 patrem
1640 1912 1764 1952 non
1807 1893 2018 1970 ubique
2068 1894 2151 1952 ad
2202 1900 2464 1952 mortem.
2500 1905 2590 1953 est

368 1980 711 2051 insectatus,
753 1979 1050 2055 ipsiusque
1076 1998 1294 2055 necem,
1342 1990 1414 2041 ut
1442 1980 1724 2038 terribilis
1752 1977 1860 2051 leo,
1906 1987 1967 2034 et
2001 1978 2268 2035 immanis
2299 1988 2357 2045 et
2388 1988 2590 2037 trucu-

367 2064 566 2122 lentus
595 2062 804 2135 hostis,
845 2066 1166 2141 quaesivit,
1206 2084 1313 2124 nec
1343 2066 1503 2124 vitae
1532 2065 1655 2138 ejus
1685 2080 2027 2140 quocunque
2052 2063 2225 2120 modo
2254 2063 2589 2144 insidiatus,

369 2157 442 2207 ut
482 2148 750 2207 innuitur
789 2144 887 2205 Vs.
919 2150 982 2206 3.
1012 2151 1070 2206 6.
1105 2153 1201 2211 16.
1243 2152 1347 2207 17..
1427 2151 1592 2217 Quae
1631 2149 1831 2206 omnia
1868 2156 2063 2204 autem
2108 2146 2361 2205 Saulicis
2403 2164 2592 2208 vexa-

370 2231 632 2292 tionibus
675 2233 889 2308 optime
926 2236 1313 2308 conveniunt3
1373 2250 1553 2310 quare
1590 2250 1661 2290 ea
1683 2233 1993 2293 ,verissima
2021 2233 2309 2295 sententia
2334 2232 2588 2305 videtur,

368 2332 490 2394 qua
524 2313 719 2374 Gusck
743 2315 1165 2389 Benjaminita
1201 2319 1489 2395 accipitur
1525 2336 1634 2396 pro
1678 2317 1914 2375 nomine
1955 2317 2195 2391 proprio
2237 2317 2436 2395 ignoti
2475 2318 2587 2375 ali-

297 2469 306 2477 ,
370 2401 537 2475 cujus
585 2401 740 2474 viri,
804 2400 974 2462 Sauli
1019 2403 1403 2476 contribulis,
1470 2403 1574 2479 qui
1623 2401 1840 2460 atrocis
1883 2400 1950 2459 in
1993 2401 2257 2462 criminis
2301 2401 2586 2461 invidiam

263 2508 268 2526 ·
367 2484 698 2546 adduxerat
720 2483 1023 2544 Davidem.
1072 2547 1089 2553 ,
1107 2486 1277 2546 Sauli
1309 2507 1451 2546 vero
1484 2485 1731 2565 gentiles
1763 2494 1889 2543 tum
1916 2487 2133 2562 primas
2168 2487 2234 2542 in
2261 2504 2446 2565 regno
2475 2486 2587 2545 ob·-

368 2569 658 2643 tinebant‚
695 2569 851 2630 unde
871 2566 1126 2630 hominis
1152 2572 1324 2632 istius
1353 2570 1677 2632 calumniae
1702 2578 1872 2630 tanto
1901 2572 2179 2646 majorem
2208 2571 2361 2649 apud
2382 2589 2584 2653 regem
2613 2585 2624 2593 “

329 2658 332 2661 ’
367 2654 494 2714 vim
529 2664 591 2716 et
632 2651 942 2714 efficaciam
976 2652 1251 2717 videntur
1284 2653 1575 2716 habuisse.

542 2824 601 2881 2.
644 2824 708 2882 3.
789 2822 1249 2904 Epiphonemate
1292 2828 1559 2903 orditur,
1666 2846 1745 2887 uo
1795 2826 2153 2884 subitaneam
2206 2844 2279 2883 ex
2326 2823 2583 2885 hostium

368 2910 785 2987 persecutione
808 2911 1217 2970 liberationem
1258 2916 1575 2991 supplicat:
1674 2929 1818 2985 ova,
1859 2911 1941 2967 mi
1974 2908 2175 2985 Deus,
2217 2910 2300 2970 ad
2340 2920 2400 2968 te
2444 2929 2581 2969 con-

336 3029 337 3032 =
353 2991 593 3070 sug2‘03
659 3010 837 3053 serva
890 3012 980 3052 me
1049 3015 1113 3054 α’
1149 3006 1244 3055 tot
1300 3000 1448 3059 meis
1495 2994 2023 3079 persecutoribus,
2085 2998 2253 3078 eripe
2310 3015 2399 3054 me
2452 2994 2586 3055 Itis!

369 3077 436 3136 3.
492 3074 584 3136 Ne
623 3074 852 3153 hostis,
896 3088 1180 3159 tanquam
1213 3082 1332 3157 leo,
1372 3102 1463 3143 me
1506 3083 1786 3154 dilaniet,
1826 3098 1934 3137 nec
1966 3099 2088 3154 me,
2127 3081 2391 3144 subsidio
2434 3079 2586 3152 defi-⁷

367 3161 593 3234 ciente,
633 3161 959 3244 discerpet.
1040 3166 1112 3225 In
1139 3169 1332 3227 verbis
1362 3178 1564 3231 'mon
1608 3176 1698 3253 πει
1735 3164 2021 3241 emphasis
2051 3174 2173 3226 est:
2218 3168 2282 3226 in
2322 3175 2382 3224 te
2410 3165 2581 3242 fidu-

368 3246 528 3303 ciam
573 3263 760 3305 meam
789 3267 989 3328 pono,
1042 3269 1164 3310 non
1205 3254 1271 3310 in
1310 3236 1592 3326 homines.
1679 3233 1872 3319 Quum
1915 3252 2017 3311 Vs.
2052 3253 2112 3308 2.
2162 3260 2588 3330 persecutores-

260 3389 284 3402 „
366 3330 769 3404 nominentur,
790 3333 913 3392 vsed
943 3333 1039 3394 Vs.
1065 3337 1124 3394 3.
1164 3338 1343 3403 unius
1383 3347 1616 3397 tantum
1635 3335 1743 3395 fiat
1770 3338 2023 3411 mentio}
2065 3336 2171 3393 alii
2199 3336 2353 3392 hunc
2382 3336 2580 3395 distri-

364 3413 569 3473 butive
598 3416 923 3491 accipi-unt:
960 3415 1226 3480 leontium
1266 3424 1704 3501 unusquisqu03
1758 3420 1864 3475 alii
1903 3420 2144 3479 Saulum
2185 3419 2374 3495 ipsum
2412 3417 2614 3490 innuix

365 3506 613 3574 putant,
657 3500 819 3573 cujus
847 3499 1068 3560 ferinus
1100 3506 1271 3579 plane
1292 3515 1456 3565 'esset
1487 3510 1549 3564 in
1580 3501 1867 3564 Davidem
1896 3506 2158 3577 animus,
2203 3513 2262 3561 et
2295 3507 2398 3581 qui
2424 3504 2589 3560 leoni.

368 3580 728 3657 conferatur,
768 3585 842 3644 ob
872 3585 1183 3659 feritatem,
1229 3589 1633 3648 crudelitatem
1667 3597 1724 3646 et
1754 3589 2093 3659 potentiam.
2142 3610 2146 3613 ·
2176 3583 2578 3667 Comparatio-

366 3681 505 3726 nem
547 3667 704 3753 enim
747 3687 880 3728 cum
918 3670 1077 3729 loono
1106 3665 1180 3730 '‘et
1219 3674 1636 3732 dilaniationis
1680 3672 1991 3747 descriptio
2033 3673 2251 3736 rectius
2290 3674 2357 3729 in
2398 3690 2579 3731 unum

363 3750 666 3829 insignem
707 3762 767 3810 et
807 3765 1099 3827 potentem
1117 3797 1138 3829 ,
1193 3776 1366 3835 quam
1406 3749 1473 3815 in
1513 3755 1750 3835 quosvis
1797 3757 2108 3814 convenire
2146 3754 2359 3814 hostes.
2443 3756 2580 3816 Non

365 3844 566 3894 autem
611 3839 945 3899 nominasse
982 3850 1217 3912 poetam
1261 3841 1487 3900 hostem
1531 3843 1729 3913 illum,
1788 3838 2117 3916 emphaseos
2161 3858 2369 3913 causa,
2422 3841 2613 3899 indi-‘

365 3934 544 3993 cans,
607 3938 741 3980 eum
798 3926 1020 3983 nemini
1070 3943 1192 3986 non
1233 3943 1359 3985 esse
1415 3935 1643 3986 notum.
1709 3954 1785 3969 -·
1857 3925 1915 3982 3.
1979 3932 2201 4004 ὅπῃ-Ἲς*
2258 3922 2578 4009 ηῆῑηἻεῇ

364 4001 527 4093 '¹qu
556 4001 648 4062 Ne
687 4005 969 4082 dilaniet,
1013 4017 1085 4066 ut
1121 4010 1243 4083 loo,
1284 4010 1541 4071 animam
1573 4027 1790 4081 meam,
1827 4011 1869 4069 i.
1907 4027 1956 4066 e.
1987 3993 2105 4067 me.z
2244 3991 2398 4069 ostes
2440 4001 2578 4067 suos

362 4082 565 4145 David
603 4092 827 4167 saepius
867 4093 1131 4151 leonibus
1168 4106 1497 4171 comparat,
1550 4094 1649 4156 Ps.
1682 4095 1787 4166 22,
1814 4095 1915 4151 22.
1958 4093 2064 4165 35,
2096 4097 2227 4167 1⁷.,
2288 4097 2425 4170 quia
2466 4096 2577 4152 im·-

363 4171 670 4246 monitate,
719 4178 1072 4258 truculentia
1100 4188 1163 4237 et
1190 4178 1494 4239 ferocitate
1522 4189 1748 4238 certare
1774 4179 2120 4237 videbantur
2150 4197 2282 4237 cum
2310 4179 2576 4237 leonibus

286 4323 295 4327 ,
363 4256 768 4317 atrocissimis.
814 4317 817 4324 ,
849 4268 1028 4349 τῆς,
1076 4265 1308 4339 proprie
1343 4264 1588 4344 carpsit
1623 4281 1723 4340 per
1763 4272 2052 4333 extremo,
2108 4271 2422 4339 usurpatur
2451 4281 2578 4321 ma·-

362 4339 520 4400 xime
559 4340 629 4402 de
669 4340 848 4417 feris,
895 4347 1168 4421 praedam
1194 4346 1361 4411 humi
1385 4348 1750 4412 trahentibus
1767 4388 1784 4423 ‚
1830 4349 1887 4407 et
1916 4348 2279 4410 membratim
2305 4347 2579 4410 vellenti-
