<?xml version="1.0" encoding="UTF-8"?>
<!DOCTYPE html PUBLIC "-//W3C//DTD XHTML 1.0 Transitional//EN"
    "http://www.w3.org/TR/xhtml1/DTD/xhtml1-transitional.dtd">
<html xmlns="http://www.w3.org/1999/xhtml" xml:lang="en" lang="en">
 <head>
  <title>
</title>
<meta http-equiv="Content-Type" content="text/html;charset=utf-8" />
  <meta name='ocr-system' content='tesseract 3.04.00' />
  <meta name='ocr-capabilities' content='ocr_page ocr_carea ocr_par ocr_line ocrx_word'/>
</head>
<body>
  <div class='ocr_page' id='page_1' title='image "./scholiainpsalmo00rosegoog_0663.png"; bbox 0 0 2807 4913; ppageno 0'>
   <div class='ocr_carea' id='block_1_1' title="bbox 883 251 2415 394">
    <p class='ocr_par' dir='ltr' id='par_1_1' title="bbox 883 251 2415 394">
     <span class='ocr_line' id='line_1_1' title="bbox 883 251 2415 394; baseline 0.007 -26"><span class='ocrx_word' id='word_1_1' title='bbox 883 369 891 382; x_wconf 13' lang='lat' dir='ltr'>N</span> <span class='ocrx_word' id='word_1_2' title='bbox 996 302 1119 369; x_wconf 62' lang='lat'><strong>1³⁸.</strong></span> <span class='ocrx_word' id='word_1_3' title='bbox 1178 251 1337 384; x_wconf 59' lang='lat' dir='ltr'><strong>ris,</strong></span> <span class='ocrx_word' id='word_1_4' title='bbox 1401 285 1660 394; x_wconf 48' lang='lat'><strong>2—&#39;52</strong></span> <span class='ocrx_word' id='word_1_5' title='bbox 2063 325 2080 339; x_wconf 43' lang='grc' dir='ltr'><em>ν</em></span> <span class='ocrx_word' id='word_1_6' title='bbox 2270 302 2415 379; x_wconf 71' lang='grc' dir='ltr'><strong>σοι</strong></span> 
     </span>
    </p>
   </div>
   <div class='ocr_carea' id='block_1_2' title="bbox 192 483 2519 1342">
    <p class='ocr_par' dir='ltr' id='par_1_2' title="bbox 192 483 2519 1321">
     <span class='ocr_line' id='line_1_2' title="bbox 219 483 2420 563; baseline 0.002 -17"><span class='ocrx_word' id='word_1_7' title='bbox 219 495 512 546; x_wconf 83' lang='lat' dir='ltr'><strong>mortuum</strong></span> <span class='ocrx_word' id='word_1_8' title='bbox 538 495 596 544; x_wconf 88' lang='lat' dir='ltr'><strong>et</strong></span> <span class='ocrx_word' id='word_1_9' title='bbox 624 484 921 561; x_wconf 79' lang='lat' dir='ltr'><strong>improlem</strong></span> <span class='ocrx_word' id='word_1_10' title='bbox 950 483 1240 559; x_wconf 64' lang='lat' dir='ltr'><strong>abiecerit,</strong></span> <span class='ocrx_word' id='word_1_11' title='bbox 1278 485 1383 542; x_wconf 80' lang='lat' dir='ltr'><strong>vix</strong></span> <span class='ocrx_word' id='word_1_12' title='bbox 1411 483 1549 542; x_wconf 87' lang='lat' dir='ltr'><strong>aliis</strong></span> <span class='ocrx_word' id='word_1_13' title='bbox 1565 484 1832 544; x_wconf 77' lang='lat' dir='ltr'><strong>arbitror</strong></span> <span class='ocrx_word' id='word_1_14' title='bbox 1860 487 2235 563; x_wconf 82' lang='lat' dir='ltr'><strong>placiturum</strong></span> <span class='ocrx_word' id='word_1_15' title='bbox 2303 493 2420 552; x_wconf 81' lang='lat' dir='ltr'><strong>&#39;Alii</strong></span> 
     </span>
     <span class='ocr_line' id='line_1_3' title="bbox 217 568 2519 650; baseline 0.002 -21"><span class='ocrx_word' id='word_1_16' title='bbox 217 574 286 629; x_wconf 87' lang='lat' dir='ltr'><strong>in</strong></span> <span class='ocrx_word' id='word_1_17' title='bbox 319 569 557 630; x_wconf 87' lang='lat' dir='ltr'><strong>secundi</strong></span> <span class='ocrx_word' id='word_1_18' title='bbox 578 571 784 647; x_wconf 77' lang='lat' dir='ltr'><strong>¹templi</strong></span> <span class='ocrx_word' id='word_1_19' title='bbox 825 570 1050 626; x_wconf 82' lang='lat' dir='ltr'><strong>laetitia</strong></span> <span class='ocrx_word' id='word_1_20' title='bbox 1087 568 1321 645; x_wconf 89' lang='lat' dir='ltr'><strong>publica</strong></span> <span class='ocrx_word' id='word_1_21' title='bbox 1357 568 1660 627; x_wconf 83' lang='lat' dir='ltr'><strong>Psalmum</strong></span> <span class='ocrx_word' id='word_1_22' title='bbox 1686 570 1901 627; x_wconf 84' lang='lat' dir='ltr'><strong>factum</strong></span> <span class='ocrx_word' id='word_1_23' title='bbox 1940 577 2295 650; x_wconf 88' lang='lat' dir='ltr'><strong>conjiciunt,</strong></span> <span class='ocrx_word' id='word_1_24' title='bbox 2347 585 2417 634; x_wconf 89' lang='lat' dir='ltr'><strong>ut</strong></span> <span class='ocrx_word' id='word_1_25' title='bbox 2503 600 2519 619; x_wconf 61' lang='grc' dir='ltr'><em>ν</em></span> 
     </span>
     <span class='ocr_line' id='line_1_4' title="bbox 218 653 2419 739; baseline 0.003 -26"><span class='ocrx_word' id='word_1_26' title='bbox 218 658 397 714; x_wconf 77' lang='lat' dir='ltr'><strong>simul</strong></span> <span class='ocrx_word' id='word_1_27' title='bbox 423 667 574 712; x_wconf 88' lang='lat' dir='ltr'><strong>esset</strong></span> <span class='ocrx_word' id='word_1_28' title='bbox 607 654 914 730; x_wconf 89' lang='lat' dir='ltr'><strong>epinicium</strong></span> <span class='ocrx_word' id='word_1_29' title='bbox 944 670 1050 728; x_wconf 86' lang='lat' dir='ltr'><strong>pro</strong></span> <span class='ocrx_word' id='word_1_30' title='bbox 1079 654 1365 726; x_wconf 89' lang='lat' dir='ltr'><strong>superatis</strong></span> <span class='ocrx_word' id='word_1_31' title='bbox 1398 653 1522 709; x_wconf 86' lang='lat' dir='ltr'><strong>illis</strong></span> <span class='ocrx_word' id='word_1_32' title='bbox 1553 657 1721 711; x_wconf 90' lang='lat' dir='ltr'><strong>malis</strong></span> <span class='ocrx_word' id='word_1_33' title='bbox 1751 663 1812 710; x_wconf 89' lang='lat' dir='ltr'><strong>et</strong></span> <span class='ocrx_word' id='word_1_34' title='bbox 1837 657 2140 730; x_wconf 77' lang='lat' dir='ltr'><strong>periculis,</strong></span> <span class='ocrx_word' id='word_1_35' title='bbox 2188 662 2255 717; x_wconf 91' lang='lat' dir='ltr'><strong>in</strong></span> <span class='ocrx_word' id='word_1_36' title='bbox 2286 663 2419 739; x_wconf 80' lang='lat' dir='ltr'><strong>qui-</strong></span> 
     </span>
     <span class='ocr_line' id='line_1_5' title="bbox 219 738 2419 823; baseline 0.002 -26"><span class='ocrx_word' id='word_1_37' title='bbox 219 741 329 798; x_wconf 91' lang='lat' dir='ltr'><strong>hus</strong></span> <span class='ocrx_word' id='word_1_38' title='bbox 360 739 721 797; x_wconf 87' lang='lat' dir='ltr'><strong>aedificatum</strong></span> <span class='ocrx_word' id='word_1_39' title='bbox 753 740 1056 813; x_wconf 83' lang='lat' dir='ltr'><strong>templum,</strong></span> <span class='ocrx_word' id='word_1_40' title='bbox 1111 740 1268 795; x_wconf 90' lang='lat' dir='ltr'><strong>inter</strong></span> <span class='ocrx_word' id='word_1_41' title='bbox 1290 738 1790 795; x_wconf 72' lang='lat' dir='ltr'><strong>Samaritanorum</strong></span> <span class='ocrx_word' id='word_1_42' title='bbox 1817 747 1886 795; x_wconf 84' lang='lat' dir='ltr'><strong>et</strong></span> <span class='ocrx_word' id='word_1_43' title='bbox 1914 743 2239 800; x_wconf 84' lang='lat' dir='ltr'><strong>vicinarum</strong></span> <span class='ocrx_word' id='word_1_44' title='bbox 2275 764 2419 823; x_wconf 82' lang='lat' dir='ltr'><strong>gen-</strong></span> 
     </span>
     <span class='ocr_line' id='line_1_6' title="bbox 192 821 2418 920; baseline 0.002 -39"><span class='ocrx_word' id='word_1_45' title='bbox 192 826 371 882; x_wconf 70' lang='lat' dir='ltr'><strong>&#39;tium</strong></span> <span class='ocrx_word' id='word_1_46' title='bbox 414 824 893 902; x_wconf 80' lang='lat' dir='ltr'><strong>oppugnationes.</strong></span> <span class='ocrx_word' id='word_1_47' title='bbox 977 821 1047 879; x_wconf 88' lang='lat' dir='ltr'><strong>ln</strong></span> <span class='ocrx_word' id='word_1_48' title='bbox 1093 840 1162 878; x_wconf 89' lang='lat' dir='ltr'><strong>ea</strong></span> <span class='ocrx_word' id='word_1_49' title='bbox 1204 823 1396 879; x_wconf 88' lang='lat' dir='ltr'><strong>tamen</strong></span> <span class='ocrx_word' id='word_1_50' title='bbox 1449 832 1707 896; x_wconf 86' lang='lat' dir='ltr'><strong>tempora</strong></span> <span class='ocrx_word' id='word_1_51' title='bbox 1759 823 1928 920; x_wconf 83' lang='lat' dir='ltr'><strong>plane</strong></span> <span class='ocrx_word' id='word_1_52' title='bbox 1979 843 2100 883; x_wconf 87' lang='lat' dir='ltr'><strong>non</strong></span> <span class='ocrx_word' id='word_1_53' title='bbox 2152 830 2418 901; x_wconf 82' lang='lat' dir='ltr'><strong>quadrat,</strong></span> 
     </span>
     <span class='ocr_line' id='line_1_7' title="bbox 218 896 2420 985; baseline 0 -19"><span class='ocrx_word' id='word_1_54' title='bbox 218 906 376 985; x_wconf 87' lang='lat' dir='ltr'><strong>quod</strong></span> <span class='ocrx_word' id='word_1_55' title='bbox 416 909 482 964; x_wconf 90' lang='lat' dir='ltr'><strong>in</strong></span> <span class='ocrx_word' id='word_1_56' title='bbox 522 907 633 965; x_wconf 87' lang='lat' dir='ltr'><strong>hoc</strong></span> <span class='ocrx_word' id='word_1_57' title='bbox 677 908 932 963; x_wconf 77' lang='lat' dir='ltr'><strong>carmine</strong></span> <span class='ocrx_word' id='word_1_58' title='bbox 970 907 1231 981; x_wconf 89' lang='lat' dir='ltr'><strong>princeps</strong></span> <span class='ocrx_word' id='word_1_59' title='bbox 1274 896 1629 976; x_wconf 78' lang='lat' dir='ltr'><strong>celebratur,</strong></span> <span class='ocrx_word' id='word_1_60' title='bbox 1686 907 1789 982; x_wconf 87' lang='lat' dir='ltr'><strong>qui</strong></span> <span class='ocrx_word' id='word_1_61' title='bbox 1830 926 2005 982; x_wconf 84' lang='lat' dir='ltr'><strong>quum</strong></span> <span class='ocrx_word' id='word_1_62' title='bbox 2048 911 2210 984; x_wconf 88' lang='lat' dir='ltr'><strong>prius</strong></span> <span class='ocrx_word' id='word_1_63' title='bbox 2252 929 2289 967; x_wconf 82' lang='lat' dir='ltr'><strong>a</strong></span> <span class='ocrx_word' id='word_1_64' title='bbox 2324 913 2420 975; x_wconf 85' lang='lat' dir='ltr'><strong>sui</strong></span> 
     </span>
     <span class='ocr_line' id='line_1_8' title="bbox 220 988 2485 1068; baseline 0.002 -19"><span class='ocrx_word' id='word_1_65' title='bbox 220 993 420 1068; x_wconf 84' lang='lat' dir='ltr'><strong>populi</strong></span> <span class='ocrx_word' id='word_1_66' title='bbox 471 992 805 1067; x_wconf 73' lang='lat' dir='ltr'><strong>proceribus</strong></span> <span class='ocrx_word' id='word_1_67' title='bbox 854 991 1172 1047; x_wconf 79' lang='lat' dir='ltr'><strong>contemtui</strong></span> <span class='ocrx_word' id='word_1_68' title='bbox 1217 988 1447 1045; x_wconf 89' lang='lat' dir='ltr'><strong>habitus</strong></span> <span class='ocrx_word' id='word_1_69' title='bbox 1492 988 1734 1061; x_wconf 82' lang='lat' dir='ltr'><strong>fuisset,</strong></span> <span class='ocrx_word' id='word_1_70' title='bbox 1807 1008 1961 1047; x_wconf 90' lang='lat' dir='ltr'><strong>nunc</strong></span> <span class='ocrx_word' id='word_1_71' title='bbox 2013 994 2088 1051; x_wconf 88' lang='lat' dir='ltr'><strong>ad</strong></span> <span class='ocrx_word' id='word_1_72' title='bbox 2137 1013 2414 1053; x_wconf 83' lang='lat' dir='ltr'><strong>summam</strong></span> <span class='ocrx_word' id='word_1_73' title='bbox 2477 1032 2485 1043; x_wconf 85' lang='lat'>·</span> 
     </span>
     <span class='ocr_line' id='line_1_9' title="bbox 217 1073 2518 1155; baseline 0.001 -21"><span class='ocrx_word' id='word_1_74' title='bbox 217 1086 448 1134; x_wconf 86' lang='lat' dir='ltr'><strong>evectus</strong></span> <span class='ocrx_word' id='word_1_75' title='bbox 491 1076 837 1155; x_wconf 81' lang='lat' dir='ltr'><strong>dignitatem</strong></span> <span class='ocrx_word' id='word_1_76' title='bbox 880 1076 1126 1132; x_wconf 88' lang='lat' dir='ltr'><strong>sistitur.</strong></span> <span class='ocrx_word' id='word_1_77' title='bbox 1215 1073 1427 1130; x_wconf 89' lang='lat' dir='ltr'><strong>Omnia</strong></span> <span class='ocrx_word' id='word_1_78' title='bbox 1466 1092 1603 1131; x_wconf 84' lang='lat' dir='ltr'><strong>vero</strong></span> <span class='ocrx_word' id='word_1_79' title='bbox 1641 1073 1813 1149; x_wconf 80' lang='lat' dir='ltr'><strong>hujus</strong></span> <span class='ocrx_word' id='word_1_80' title='bbox 1853 1079 2125 1134; x_wconf 79' lang='lat' dir='ltr'><strong>carminis</strong></span> <span class='ocrx_word' id='word_1_81' title='bbox 2162 1082 2418 1155; x_wconf 81' lang='lat' dir='ltr'><strong>apprime</strong></span> <span class='ocrx_word' id='word_1_82' title='bbox 2515 1111 2518 1116; x_wconf 88' lang='lat'>·</span> 
     </span>
     <span class='ocr_line' id='line_1_10' title="bbox 220 1156 2419 1236; baseline 0.001 -19"><span class='ocrx_word' id='word_1_83' title='bbox 220 1161 502 1236; x_wconf 88' lang='lat' dir='ltr'><strong>quadrare</strong></span> <span class='ocrx_word' id='word_1_84' title='bbox 533 1160 891 1218; x_wconf 79' lang='lat' dir='ltr'><strong>felicioribus</strong></span> <span class='ocrx_word' id='word_1_85' title='bbox 922 1156 1387 1216; x_wconf 74' lang='lat' dir='ltr'><strong>Maccahaeorum</strong></span> <span class='ocrx_word' id='word_1_86' title='bbox 1425 1160 1797 1233; x_wconf 73' lang='lat' dir='ltr'><strong>temporibus,</strong></span> <span class='ocrx_word' id='word_1_87' title='bbox 1840 1168 1900 1216; x_wconf 86' lang='lat' dir='ltr'><strong>et</strong></span> <span class='ocrx_word' id='word_1_88' title='bbox 1930 1161 2297 1233; x_wconf 84' lang='lat' dir='ltr'><strong>potissimum</strong></span> <span class='ocrx_word' id='word_1_89' title='bbox 2327 1164 2419 1220; x_wconf 90' lang='lat' dir='ltr'><strong>illi</strong></span> 
     </span>
     <span class='ocr_line' id='line_1_11' title="bbox 219 1240 2420 1342; baseline 0.001 -40"><span class='ocrx_word' id='word_1_90' title='bbox 219 1246 496 1321; x_wconf 85' lang='lat' dir='ltr'><strong>temporis</strong></span> <span class='ocrx_word' id='word_1_91' title='bbox 525 1245 795 1315; x_wconf 86' lang='lat' dir='ltr'><strong>articulo,</strong></span> <span class='ocrx_word' id='word_1_92' title='bbox 835 1262 1012 1342; x_wconf 82' lang='lat' dir='ltr'><strong>quo</strong></span> <span class='ocrx_word' id='word_1_93' title='bbox 979 1242 1204 1314; x_wconf 85' lang='lat' dir='ltr'><strong>Simon,</strong></span> <span class='ocrx_word' id='word_1_94' title='bbox 1234 1244 1440 1299; x_wconf 90' lang='lat' dir='ltr'><strong>tertius</strong></span> <span class='ocrx_word' id='word_1_95' title='bbox 1473 1241 1720 1299; x_wconf 85' lang='lat' dir='ltr'><strong>fratrum</strong></span> <span class='ocrx_word' id='word_1_96' title='bbox 1747 1240 2237 1319; x_wconf 85' lang='lat' dir='ltr'><strong>Maccahaeorum,</strong></span> <span class='ocrx_word' id='word_1_97' title='bbox 2269 1247 2420 1306; x_wconf 88' lang='lat' dir='ltr'><strong>Juda</strong></span> 
     </span>
    </p>
   </div>
   <div class='ocr_carea' id='block_1_3' title="bbox 219 1319 2526 1405">
    <p class='ocr_par' dir='ltr' id='par_1_3' title="bbox 219 1319 2526 1405">
     <span class='ocr_line' id='line_1_12' title="bbox 219 1319 2526 1405; baseline 0.002 -19"><span class='ocrx_word' id='word_1_98' title='bbox 219 1337 280 1386; x_wconf 86' lang='lat' dir='ltr'><strong>et</strong></span> <span class='ocrx_word' id='word_1_99' title='bbox 318 1327 641 1389; x_wconf 82' lang='lat' dir='ltr'><strong>Jonathane</strong></span> <span class='ocrx_word' id='word_1_100' title='bbox 682 1330 924 1400; x_wconf 90' lang='lat' dir='ltr'><strong>occisis,</strong></span> <span class='ocrx_word' id='word_1_101' title='bbox 992 1326 1384 1402; x_wconf 83' lang='lat' dir='ltr'><strong>plenissimam</strong></span> <span class='ocrx_word' id='word_1_102' title='bbox 1435 1319 1682 1402; x_wconf 85' lang='lat' dir='ltr'><strong>populo</strong></span> <span class='ocrx_word' id='word_1_103' title='bbox 1697 1330 2030 1404; x_wconf 85' lang='lat' dir='ltr'><strong>procuravit</strong></span> <span class='ocrx_word' id='word_1_104' title='bbox 2074 1330 2418 1405; x_wconf 88' lang='lat' dir='ltr'><strong>libertatem,</strong></span> <span class='ocrx_word' id='word_1_105' title='bbox 2513 1335 2526 1351; x_wconf 79' lang='lat'><strong><em>⁹</em></strong></span> 
     </span>
    </p>
   </div>
   <div class='ocr_carea' id='block_1_4' title="bbox 138 1409 2488 3255">
    <p class='ocr_par' dir='ltr' id='par_1_4' title="bbox 185 1409 2425 2500">
     <span class='ocr_line' id='line_1_13' title="bbox 218 1409 2419 1488; baseline 0.001 -19"><span class='ocrx_word' id='word_1_106' title='bbox 218 1410 419 1471; x_wconf 83' lang='lat' dir='ltr'><strong>hostes</strong></span> <span class='ocrx_word' id='word_1_107' title='bbox 455 1414 623 1471; x_wconf 77' lang='lat' dir='ltr'><strong>Aera</strong></span> <span class='ocrx_word' id='word_1_108' title='bbox 658 1413 859 1484; x_wconf 88' lang='lat' dir='ltr'><strong>ejecit,</strong></span> <span class='ocrx_word' id='word_1_109' title='bbox 922 1420 978 1468; x_wconf 86' lang='lat' dir='ltr'><strong>et</strong></span> <span class='ocrx_word' id='word_1_110' title='bbox 1022 1409 1370 1488; x_wconf 84' lang='lat' dir='ltr'><strong>hereditario</strong></span> <span class='ocrx_word' id='word_1_111' title='bbox 1418 1430 1546 1467; x_wconf 90' lang='lat' dir='ltr'><strong>cum</strong></span> <span class='ocrx_word' id='word_1_112' title='bbox 1586 1414 1720 1485; x_wconf 87' lang='lat' dir='ltr'><strong>jure</strong></span> <span class='ocrx_word' id='word_1_113' title='bbox 1759 1414 2074 1470; x_wconf 85' lang='lat' dir='ltr'><strong>solenniter</strong></span> <span class='ocrx_word' id='word_1_114' title='bbox 2110 1416 2320 1471; x_wconf 87' lang='lat' dir='ltr'><strong>electus</strong></span> <span class='ocrx_word' id='word_1_115' title='bbox 2360 1426 2419 1472; x_wconf 90' lang='lat' dir='ltr'><strong>et</strong></span> 
     </span>
     <span class='ocr_line' id='line_1_14' title="bbox 220 1492 2420 1576; baseline -0.001 -19"><span class='ocrx_word' id='word_1_116' title='bbox 220 1497 605 1576; x_wconf 81' lang='lat' dir='ltr'><strong>inauguratus</strong></span> <span class='ocrx_word' id='word_1_117' title='bbox 655 1503 744 1553; x_wconf 84' lang='lat' dir='ltr'><strong>est</strong></span> <span class='ocrx_word' id='word_1_118' title='bbox 787 1493 1121 1553; x_wconf 84' lang='lat' dir='ltr'><strong>Ethnarcha</strong></span> <span class='ocrx_word' id='word_1_119' title='bbox 1165 1505 1225 1551; x_wconf 89' lang='lat' dir='ltr'><strong>et</strong></span> <span class='ocrx_word' id='word_1_120' title='bbox 1265 1492 1540 1552; x_wconf 84' lang='lat' dir='ltr'><strong>Pontifex</strong></span> <span class='ocrx_word' id='word_1_121' title='bbox 1581 1492 1640 1572; x_wconf 89' lang='lat' dir='ltr'><strong>(l</strong></span> <span class='ocrx_word' id='word_1_122' title='bbox 1664 1493 1845 1562; x_wconf 85' lang='lat' dir='ltr'><strong>Mace.</strong></span> <span class='ocrx_word' id='word_1_123' title='bbox 1884 1498 1978 1568; x_wconf 85' lang='lat'><strong>13,</strong></span> <span class='ocrx_word' id='word_1_124' title='bbox 2010 1498 2110 1553; x_wconf 84' lang='lat'><strong>49.</strong></span> <span class='ocrx_word' id='word_1_125' title='bbox 2144 1516 2268 1575; x_wconf 86' lang='lat' dir='ltr'><strong>sqq.</strong></span> <span class='ocrx_word' id='word_1_126' title='bbox 2322 1502 2420 1572; x_wconf 91' lang='grc'><strong>14,</strong></span> 
     </span>
     <span class='ocr_line' id='line_1_15' title="bbox 185 1577 2418 1663; baseline 0.001 -26"><span class='ocrx_word' id='word_1_127' title='bbox 185 1611 191 1616; x_wconf 90' lang='grc'><em>·</em></span> <span class='ocrx_word' id='word_1_128' title='bbox 223 1579 483 1637; x_wconf 71' lang='grc'><strong>4--15.</strong></span> <span class='ocrx_word' id='word_1_129' title='bbox 487 1577 551 1659; x_wconf 87' lang='grc'><strong>),</strong></span> <span class='ocrx_word' id='word_1_130' title='bbox 605 1580 760 1636; x_wconf 83' lang='lat' dir='ltr'><strong>recte</strong></span> <span class='ocrx_word' id='word_1_131' title='bbox 792 1581 942 1638; x_wconf 83' lang='lat' dir='ltr'><strong>vidit</strong></span> <span class='ocrx_word' id='word_1_132' title='bbox 971 1578 1236 1635; x_wconf 89' lang='lat' dir='ltr'><strong>Venema.</strong></span> <span class='ocrx_word' id='word_1_133' title='bbox 1319 1577 1472 1636; x_wconf 86' lang='lat' dir='ltr'><strong>Huic</strong></span> <span class='ocrx_word' id='word_1_134' title='bbox 1504 1583 1745 1656; x_wconf 85' lang='lat' dir='ltr'><strong>tempori</strong></span> <span class='ocrx_word' id='word_1_135' title='bbox 1781 1581 2082 1653; x_wconf 87' lang='lat' dir='ltr'><strong>convenit,</strong></span> <span class='ocrx_word' id='word_1_136' title='bbox 2123 1584 2275 1655; x_wconf 90' lang='lat' dir='ltr'><strong>quod</strong></span> <span class='ocrx_word' id='word_1_137' title='bbox 2306 1602 2418 1663; x_wconf 89' lang='lat' dir='ltr'><strong>po-</strong></span> 
     </span>
     <span class='ocr_line' id='line_1_16' title="bbox 220 1661 2418 1756; baseline 0.002 -35"><span class='ocrx_word' id='word_1_138' title='bbox 220 1666 391 1743; x_wconf 89' lang='lat' dir='ltr'><strong>pulus</strong></span> <span class='ocrx_word' id='word_1_139' title='bbox 422 1665 487 1720; x_wconf 89' lang='lat' dir='ltr'><strong>in</strong></span> <span class='ocrx_word' id='word_1_140' title='bbox 516 1664 789 1724; x_wconf 86' lang='lat' dir='ltr'><strong>Israelem</strong></span> <span class='ocrx_word' id='word_1_141' title='bbox 808 1703 825 1736; x_wconf 91' lang='lat'><strong>,</strong></span> <span class='ocrx_word' id='word_1_142' title='bbox 867 1661 1097 1720; x_wconf 90' lang='lat' dir='ltr'><strong>domum</strong></span> <span class='ocrx_word' id='word_1_143' title='bbox 1123 1663 1370 1720; x_wconf 83' lang='lat' dir='ltr'><strong>Aaronis</strong></span> <span class='ocrx_word' id='word_1_144' title='bbox 1401 1670 1460 1721; x_wconf 89' lang='lat' dir='ltr'><strong>et</strong></span> <span class='ocrx_word' id='word_1_145' title='bbox 1496 1665 1758 1744; x_wconf 86' lang='lat' dir='ltr'><strong>timentes</strong></span> <span class='ocrx_word' id='word_1_146' title='bbox 1786 1664 1987 1723; x_wconf 82' lang='lat' dir='ltr'><strong>Jovam</strong></span> <span class='ocrx_word' id='word_1_147' title='bbox 2018 1664 2418 1756; x_wconf 83' lang='lat' dir='ltr'><strong>distinguitur,</strong></span> 
     </span>
     <span class='ocr_line' id='line_1_17' title="bbox 223 1737 2417 1830; baseline 0.001 -24"><span class='ocrx_word' id='word_1_148' title='bbox 223 1748 393 1806; x_wconf 88' lang='lat' dir='ltr'><strong>nulla</strong></span> <span class='ocrx_word' id='word_1_149' title='bbox 434 1751 727 1805; x_wconf 86' lang='lat' dir='ltr'><strong>mentione</strong></span> <span class='ocrx_word' id='word_1_150' title='bbox 767 1749 959 1827; x_wconf 85' lang='lat' dir='ltr'><strong>regis,</strong></span> <span class='ocrx_word' id='word_1_151' title='bbox 1025 1754 1128 1803; x_wconf 90' lang='lat' dir='ltr'><strong>aut</strong></span> <span class='ocrx_word' id='word_1_152' title='bbox 1175 1737 1423 1806; x_wconf 88' lang='lat' dir='ltr'><strong>aliorum</strong></span> <span class='ocrx_word' id='word_1_153' title='bbox 1463 1737 1752 1805; x_wconf 84' lang='lat' dir='ltr'><strong>rectorum</strong></span> <span class='ocrx_word' id='word_1_154' title='bbox 1797 1748 1985 1823; x_wconf 88' lang='lat' dir='ltr'><strong>facta,</strong></span> <span class='ocrx_word' id='word_1_155' title='bbox 2052 1762 2417 1830; x_wconf 82' lang='lat' dir='ltr'><strong>argumento,</strong></span> 
     </span>
     <span class='ocr_line' id='line_1_18' title="bbox 223 1832 2419 1908; baseline 0 -19"><span class='ocrx_word' id='word_1_156' title='bbox 223 1850 504 1890; x_wconf 89' lang='lat' dir='ltr'><strong>summam</strong></span> <span class='ocrx_word' id='word_1_157' title='bbox 538 1851 743 1889; x_wconf 87' lang='lat' dir='ltr'><strong>rerum</strong></span> <span class='ocrx_word' id='word_1_158' title='bbox 761 1842 901 1889; x_wconf 90' lang='lat' dir='ltr'><strong>tunc</strong></span> <span class='ocrx_word' id='word_1_159' title='bbox 928 1848 1098 1907; x_wconf 88' lang='lat' dir='ltr'><strong>penes</strong></span> <span class='ocrx_word' id='word_1_160' title='bbox 1123 1832 1478 1907; x_wconf 85' lang='lat' dir='ltr'><strong>Aaronidas,</strong></span> <span class='ocrx_word' id='word_1_161' title='bbox 1522 1851 1622 1889; x_wconf 88' lang='lat' dir='ltr'><strong>seu</strong></span> <span class='ocrx_word' id='word_1_162' title='bbox 1654 1832 1958 1890; x_wconf 80' lang='lat' dir='ltr'><strong>Pontifices</strong></span> <span class='ocrx_word' id='word_1_163' title='bbox 1991 1844 2046 1891; x_wconf 88' lang='lat' dir='ltr'><strong>et</strong></span> <span class='ocrx_word' id='word_1_164' title='bbox 2074 1834 2419 1908; x_wconf 76' lang='lat' dir='ltr'><strong>sacerdotes„</strong></span> 
     </span>
     <span class='ocr_line' id='line_1_19' title="bbox 221 1914 2420 1990; baseline 0 -15"><span class='ocrx_word' id='word_1_165' title='bbox 221 1916 418 1975; x_wconf 88' lang='lat' dir='ltr'><strong>fuisse.</strong></span> <span class='ocrx_word' id='word_1_166' title='bbox 506 1917 665 1976; x_wconf 85' lang='lat' dir='ltr'><strong>Satis</strong></span> <span class='ocrx_word' id='word_1_167' title='bbox 694 1918 1026 1975; x_wconf 80' lang='lat' dir='ltr'><strong>verisimilis</strong></span> <span class='ocrx_word' id='word_1_168' title='bbox 1059 1925 1145 1972; x_wconf 87' lang='lat' dir='ltr'><strong>est</strong></span> <span class='ocrx_word' id='word_1_169' title='bbox 1167 1914 1448 1974; x_wconf 86' lang='lat' dir='ltr'><strong>Venemae</strong></span> <span class='ocrx_word' id='word_1_170' title='bbox 1482 1919 1799 1990; x_wconf 87' lang='lat' dir='ltr'><strong>sententia,</strong></span> <span class='ocrx_word' id='word_1_171' title='bbox 1842 1937 2071 1975; x_wconf 85' lang='lat' dir='ltr'><strong>carmen</strong></span> <span class='ocrx_word' id='word_1_172' title='bbox 2103 1917 2210 1975; x_wconf 88' lang='lat' dir='ltr'><strong>hoc</strong></span> <span class='ocrx_word' id='word_1_173' title='bbox 2242 1920 2420 1976; x_wconf 73' lang='lat' dir='ltr'><strong>desti-⁶</strong></span> 
     </span>
     <span class='ocr_line' id='line_1_20' title="bbox 225 1999 2419 2079; baseline 0.002 -22"><span class='ocrx_word' id='word_1_174' title='bbox 225 2010 428 2058; x_wconf 88' lang='lat' dir='ltr'><strong>natum</strong></span> <span class='ocrx_word' id='word_1_175' title='bbox 457 2000 668 2071; x_wconf 90' lang='lat' dir='ltr'><strong>fuisse,</strong></span> <span class='ocrx_word' id='word_1_176' title='bbox 713 2012 781 2058; x_wconf 93' lang='lat' dir='ltr'><strong>ut</strong></span> <span class='ocrx_word' id='word_1_177' title='bbox 814 2001 1043 2059; x_wconf 84' lang='lat' dir='ltr'><strong>solenni</strong></span> <span class='ocrx_word' id='word_1_178' title='bbox 1071 2010 1130 2057; x_wconf 89' lang='lat' dir='ltr'><strong>et</strong></span> <span class='ocrx_word' id='word_1_179' title='bbox 1163 2002 1506 2058; x_wconf 79' lang='lat' dir='ltr'><strong>laetissimae</strong></span> <span class='ocrx_word' id='word_1_180' title='bbox 1534 2001 1823 2073; x_wconf 86' lang='lat' dir='ltr'><strong>Simonis,</strong></span> <span class='ocrx_word' id='word_1_181' title='bbox 1862 2011 2134 2079; x_wconf 85' lang='lat' dir='ltr'><strong>tanquam</strong></span> <span class='ocrx_word' id='word_1_182' title='bbox 2163 1999 2419 2062; x_wconf 81' lang='lat' dir='ltr'><strong>Ethn&#39;ar-</strong></span> 
     </span>
     <span class='ocr_line' id='line_1_21' title="bbox 226 2083 2418 2162; baseline 0.003 -22"><span class='ocrx_word' id='word_1_183' title='bbox 226 2084 366 2142; x_wconf 82' lang='lat' dir='ltr'><strong>chae</strong></span> <span class='ocrx_word' id='word_1_184' title='bbox 393 2096 451 2144; x_wconf 89' lang='lat' dir='ltr'><strong>et</strong></span> <span class='ocrx_word' id='word_1_185' title='bbox 486 2086 779 2143; x_wconf 86' lang='lat' dir='ltr'><strong>Pontificis</strong></span> <span class='ocrx_word' id='word_1_186' title='bbox 813 2086 1074 2162; x_wconf 89' lang='lat' dir='ltr'><strong>perpetui</strong></span> <span class='ocrx_word' id='word_1_187' title='bbox 1104 2095 1163 2142; x_wconf 88' lang='lat' dir='ltr'><strong>et</strong></span> <span class='ocrx_word' id='word_1_188' title='bbox 1186 2083 1546 2155; x_wconf 89' lang='lat' dir='ltr'><strong>hereditarii,</strong></span> <span class='ocrx_word' id='word_1_189' title='bbox 1584 2087 1683 2160; x_wconf 91' lang='lat' dir='ltr'><strong>qui</strong></span> <span class='ocrx_word' id='word_1_190' title='bbox 1718 2102 1860 2158; x_wconf 87' lang='lat' dir='ltr'><strong>opus</strong></span> <span class='ocrx_word' id='word_1_191' title='bbox 1897 2087 2255 2145; x_wconf 71' lang='lat' dir='ltr'><strong>liberationis</strong></span> <span class='ocrx_word' id='word_1_192' title='bbox 2287 2108 2418 2146; x_wconf 87' lang='lat' dir='ltr'><strong>cum</strong></span> 
     </span>
     <span class='ocr_line' id='line_1_22' title="bbox 220 2166 2425 2246; baseline 0.002 -21"><span class='ocrx_word' id='word_1_193' title='bbox 220 2167 503 2227; x_wconf 77' lang='lat' dir='ltr'><strong>fratribus</strong></span> <span class='ocrx_word' id='word_1_194' title='bbox 542 2172 828 2245; x_wconf 84' lang='lat' dir='ltr'><strong>inceptum</strong></span> <span class='ocrx_word' id='word_1_195' title='bbox 866 2168 1216 2246; x_wconf 72' lang='lat' dir='ltr'><strong>perfecerat,</strong></span> <span class='ocrx_word' id='word_1_196' title='bbox 1257 2170 1718 2246; x_wconf 82' lang='lat' dir='ltr'><strong>inaug-urationi,</strong></span> <span class='ocrx_word' id='word_1_197' title='bbox 1754 2170 1846 2224; x_wconf 85' lang='lat' dir='ltr'><strong>die</strong></span> <span class='ocrx_word' id='word_1_198' title='bbox 1873 2166 2021 2226; x_wconf 84' lang='lat' dir='ltr'><strong>festo</strong></span> <span class='ocrx_word' id='word_1_199' title='bbox 2054 2180 2187 2245; x_wconf 87' lang='lat' dir='ltr'><strong>post</strong></span> <span class='ocrx_word' id='word_1_200' title='bbox 2213 2171 2425 2229; x_wconf 68' lang='lat' dir='ltr'><strong>Auram</strong></span> 
     </span>
     <span class='ocr_line' id='line_1_23' title="bbox 223 2252 2422 2328; baseline 0 -18"><span class='ocrx_word' id='word_1_201' title='bbox 223 2254 297 2311; x_wconf 93' lang='lat' dir='ltr'><strong>ah</strong></span> <span class='ocrx_word' id='word_1_202' title='bbox 342 2252 603 2314; x_wconf 84' lang='lat' dir='ltr'><strong>hostibus</strong></span> <span class='ocrx_word' id='word_1_203' title='bbox 640 2256 980 2324; x_wconf 88' lang='lat' dir='ltr'><strong>liberatam,</strong></span> <span class='ocrx_word' id='word_1_204' title='bbox 1045 2253 1308 2309; x_wconf 90' lang='lat' dir='ltr'><strong>omnihus</strong></span> <span class='ocrx_word' id='word_1_205' title='bbox 1355 2269 1652 2308; x_wconf 81' lang='lat' dir='ltr'><strong>sacrorum</strong></span> <span class='ocrx_word' id='word_1_206' title='bbox 1695 2253 2422 2328; x_wconf 83' lang='lat' dir='ltr'><strong>impedimentis-sublatis,</strong></span> 
     </span>
     <span class='ocr_line' id='line_1_24' title="bbox 223 2336 2423 2417; baseline 0.001 -22"><span class='ocrx_word' id='word_1_207' title='bbox 223 2339 379 2396; x_wconf 89' lang='lat' dir='ltr'><strong>inter</strong></span> <span class='ocrx_word' id='word_1_208' title='bbox 408 2341 665 2417; x_wconf 84' lang='lat' dir='ltr'><strong>publicos</strong></span> <span class='ocrx_word' id='word_1_209' title='bbox 695 2340 962 2414; x_wconf 75' lang='lat' dir='ltr'><strong>plausuS,</strong></span> <span class='ocrx_word' id='word_1_210' title='bbox 1003 2344 1061 2393; x_wconf 90' lang='lat' dir='ltr'><strong>et</strong></span> <span class='ocrx_word' id='word_1_211' title='bbox 1092 2337 1480 2408; x_wconf 84' lang='lat' dir='ltr'><strong>processionis</strong></span> <span class='ocrx_word' id='word_1_212' title='bbox 1510 2337 1583 2393; x_wconf 89' lang='lat' dir='ltr'><strong>ad</strong></span> <span class='ocrx_word' id='word_1_213' title='bbox 1614 2336 1843 2394; x_wconf 89' lang='lat' dir='ltr'><strong>modum</strong></span> <span class='ocrx_word' id='word_1_214' title='bbox 1866 2336 2194 2412; x_wconf 81' lang='lat' dir='ltr'><strong>faciendae,</strong></span> <span class='ocrx_word' id='word_1_215' title='bbox 2232 2341 2423 2398; x_wconf 89' lang='lat' dir='ltr'><strong>inser-</strong></span> 
     </span>
     <span class='ocr_line' id='line_1_25' title="bbox 223 2421 1716 2500; baseline -0.003 -18"><span class='ocrx_word' id='word_1_216' title='bbox 223 2424 399 2497; x_wconf 76' lang='lat' dir='ltr'><strong>viret,</strong></span> <span class='ocrx_word' id='word_1_217' title='bbox 443 2441 624 2500; x_wconf 87' lang='lat' dir='ltr'><strong>eoque</strong></span> <span class='ocrx_word' id='word_1_218' title='bbox 659 2423 885 2480; x_wconf 89' lang='lat' dir='ltr'><strong>solenni</strong></span> <span class='ocrx_word' id='word_1_219' title='bbox 915 2430 1048 2478; x_wconf 89' lang='lat' dir='ltr'><strong>actu</strong></span> <span class='ocrx_word' id='word_1_220' title='bbox 1081 2421 1305 2496; x_wconf 84' lang='lat' dir='ltr'><strong>publice</strong></span> <span class='ocrx_word' id='word_1_221' title='bbox 1335 2422 1716 2478; x_wconf 84' lang='lat' dir='ltr'><strong>accineretur.</strong></span> 
     </span>
    </p>

    <p class='ocr_par' dir='ltr' id='par_1_5' title="bbox 138 2504 2488 3174">
     <span class='ocr_line' id='line_1_26' title="bbox 398 2504 2422 2587; baseline 0.001 -21"><span class='ocrx_word' id='word_1_222' title='bbox 398 2508 561 2566; x_wconf 88' lang='lat' dir='ltr'><strong>Olim</strong></span> <span class='ocrx_word' id='word_1_223' title='bbox 603 2507 676 2564; x_wconf 90' lang='lat' dir='ltr'><strong>ad</strong></span> <span class='ocrx_word' id='word_1_224' title='bbox 715 2505 984 2564; x_wconf 78' lang='lat' dir='ltr'><strong>Messiar&#39;n</strong></span> <span class='ocrx_word' id='word_1_225' title='bbox 1034 2504 1319 2562; x_wconf 87' lang='lat' dir='ltr'><strong>Psalmum</strong></span> <span class='ocrx_word' id='word_1_226' title='bbox 1363 2507 1614 2563; x_wconf 85' lang='lat' dir='ltr'><strong>relatum</strong></span> <span class='ocrx_word' id='word_1_227' title='bbox 1655 2505 1871 2578; x_wconf 88' lang='lat' dir='ltr'><strong>fuisse,</strong></span> <span class='ocrx_word' id='word_1_228' title='bbox 1923 2507 2306 2587; x_wconf 65' lang='lat' dir='ltr'><strong>‘cognoscitur</strong></span> <span class='ocrx_word' id='word_1_229' title='bbox 2347 2529 2422 2570; x_wconf 83' lang='lat' dir='ltr'><strong>ex</strong></span> 
     </span>
     <span class='ocr_line' id='line_1_27' title="bbox 214 2586 2423 2666; baseline -0.001 -13"><span class='ocrx_word' id='word_1_230' title='bbox 214 2590 432 2653; x_wconf 76' lang='lat' dir='ltr'><strong>Matth.</strong></span> <span class='ocrx_word' id='word_1_231' title='bbox 455 2594 559 2664; x_wconf 82' lang='lat'><strong>21,</strong></span> <span class='ocrx_word' id='word_1_232' title='bbox 587 2593 688 2648; x_wconf 83' lang='lat'><strong>42.</strong></span> <span class='ocrx_word' id='word_1_233' title='bbox 731 2589 936 2665; x_wconf 89' lang='lat' dir='ltr'><strong>(Marc.</strong></span> <span class='ocrx_word' id='word_1_234' title='bbox 969 2591 1067 2662; x_wconf 83' lang='lat'><strong>12,</strong></span> <span class='ocrx_word' id='word_1_235' title='bbox 1099 2593 1194 2647; x_wconf 89' lang='grc'><strong>10.</strong></span> <span class='ocrx_word' id='word_1_236' title='bbox 1238 2589 1374 2647; x_wconf 79' lang='lat' dir='ltr'><strong>Luc.</strong></span> <span class='ocrx_word' id='word_1_237' title='bbox 1406 2590 1511 2661; x_wconf 87' lang='grc'><strong>20,</strong></span> <span class='ocrx_word' id='word_1_238' title='bbox 1542 2586 1666 2666; x_wconf 88' lang='grc'><strong>17.)</strong></span> <span class='ocrx_word' id='word_1_239' title='bbox 1707 2589 1837 2655; x_wconf 87' lang='lat' dir='ltr'><strong>Act.</strong></span> <span class='ocrx_word' id='word_1_240' title='bbox 1868 2591 1932 2664; x_wconf 87' lang='lat'><strong>4,</strong></span> <span class='ocrx_word' id='word_1_241' title='bbox 1965 2594 2062 2650; x_wconf 88' lang='lat' dir='ltr'><strong>ll.</strong></span> <span class='ocrx_word' id='word_1_242' title='bbox 2148 2591 2230 2649; x_wconf 83' lang='lat' dir='ltr'><strong>Et</strong></span> <span class='ocrx_word' id='word_1_243' title='bbox 2265 2593 2423 2651; x_wconf 88' lang='lat' dir='ltr'><strong>Rab-</strong></span> 
     </span>
     <span class='ocr_line' id='line_1_28' title="bbox 226 2675 2422 2749; baseline 0.001 -16"><span class='ocrx_word' id='word_1_244' title='bbox 226 2678 495 2734; x_wconf 89' lang='lat' dir='ltr'><strong>hinorum</strong></span> <span class='ocrx_word' id='word_1_245' title='bbox 533 2694 660 2732; x_wconf 93' lang='lat' dir='ltr'><strong>cum</strong></span> <span class='ocrx_word' id='word_1_246' title='bbox 692 2676 1078 2732; x_wconf 86' lang='lat' dir='ltr'><strong>recentiorum</strong></span> <span class='ocrx_word' id='word_1_247' title='bbox 1116 2685 1240 2732; x_wconf 88' lang='lat' dir='ltr'><strong>tum</strong></span> <span class='ocrx_word' id='word_1_248' title='bbox 1278 2683 1537 2735; x_wconf 85' lang='lat' dir='ltr'><strong>veterum</strong></span> <span class='ocrx_word' id='word_1_249' title='bbox 1564 2692 1685 2730; x_wconf 92' lang='lat' dir='ltr'><strong>non</strong></span> <span class='ocrx_word' id='word_1_250' title='bbox 1718 2677 1887 2749; x_wconf 90' lang='lat' dir='ltr'><strong>pauci</strong></span> <span class='ocrx_word' id='word_1_251' title='bbox 1921 2677 1990 2732; x_wconf 90' lang='lat' dir='ltr'><strong>de</strong></span> <span class='ocrx_word' id='word_1_252' title='bbox 2017 2675 2229 2734; x_wconf 87' lang='lat' dir='ltr'><strong>Messia</strong></span> <span class='ocrx_word' id='word_1_253' title='bbox 2256 2676 2422 2735; x_wconf 86' lang='lat' dir='ltr'><strong>Psal-</strong></span> 
     </span>
     <span class='ocr_line' id='line_1_29' title="bbox 225 2757 2421 2844; baseline 0 -26"><span class='ocrx_word' id='word_1_254' title='bbox 225 2779 385 2818; x_wconf 88' lang='lat' dir='ltr'><strong>mum</strong></span> <span class='ocrx_word' id='word_1_255' title='bbox 413 2758 567 2817; x_wconf 88' lang='lat' dir='ltr'><strong>hunc</strong></span> <span class='ocrx_word' id='word_1_256' title='bbox 595 2762 914 2844; x_wconf 83' lang='lat' dir='ltr'><strong>accipiunt;</strong></span> <span class='ocrx_word' id='word_1_257' title='bbox 975 2766 1332 2835; x_wconf 86' lang='lat' dir='ltr'><strong>testaturque</strong></span> <span class='ocrx_word' id='word_1_258' title='bbox 1364 2757 1789 2832; x_wconf 82' lang='lat' dir='ltr'><strong>Hieronymus,</strong></span> <span class='ocrx_word' id='word_1_259' title='bbox 1823 2760 1986 2816; x_wconf 91' lang='lat' dir='ltr'><strong>illum</strong></span> <span class='ocrx_word' id='word_1_260' title='bbox 2018 2760 2174 2836; x_wconf 77' lang='lat' dir='ltr'><strong>apud</strong></span> <span class='ocrx_word' id='word_1_261' title='bbox 2200 2771 2421 2819; x_wconf 82' lang='lat' dir='ltr'><strong>veteres</strong></span> 
     </span>
     <span class='ocr_line' id='line_1_30' title="bbox 223 2842 2423 2921; baseline -0 -17"><span class='ocrx_word' id='word_1_262' title='bbox 223 2843 473 2904; x_wconf 72' lang='lat' dir='ltr'><strong>Iudaeos</strong></span> <span class='ocrx_word' id='word_1_263' title='bbox 507 2843 576 2901; x_wconf 92' lang='lat' dir='ltr'><strong>de</strong></span> <span class='ocrx_word' id='word_1_264' title='bbox 601 2842 812 2900; x_wconf 83' lang='lat' dir='ltr'><strong>Messia</strong></span> <span class='ocrx_word' id='word_1_265' title='bbox 839 2843 1022 2900; x_wconf 86' lang='lat' dir='ltr'><strong>fuisse</strong></span> <span class='ocrx_word' id='word_1_266' title='bbox 1049 2844 1422 2919; x_wconf 83' lang='lat' dir='ltr'><strong>explicatum,</strong></span> <span class='ocrx_word' id='word_1_267' title='bbox 1463 2852 1648 2921; x_wconf 86' lang='lat' dir='ltr'><strong>atque</strong></span> <span class='ocrx_word' id='word_1_268' title='bbox 1663 2844 1814 2900; x_wconf 91' lang='lat' dir='ltr'><strong>inter</strong></span> <span class='ocrx_word' id='word_1_269' title='bbox 1843 2863 1940 2901; x_wconf 87' lang='lat' dir='ltr'><strong>eas</strong></span> <span class='ocrx_word' id='word_1_270' title='bbox 1970 2863 2186 2919; x_wconf 88' lang='lat' dir='ltr'><strong>preces,</strong></span> <span class='ocrx_word' id='word_1_271' title='bbox 2215 2847 2423 2921; x_wconf 85' lang='lat' dir='ltr'><strong>quihus</strong></span> 
     </span>
     <span class='ocr_line' id='line_1_31' title="bbox 228 2914 2420 3003; baseline 0 -17"><span class='ocrx_word' id='word_1_272' title='bbox 228 2929 510 2987; x_wconf 82' lang='lat' dir='ltr'><strong>adventus</strong></span> <span class='ocrx_word' id='word_1_273' title='bbox 553 2930 673 3003; x_wconf 85' lang='lat' dir='ltr'><strong>ejus</strong></span> <span class='ocrx_word' id='word_1_274' title='bbox 717 2929 1047 3003; x_wconf 88' lang='lat' dir='ltr'><strong>petebatur,</strong></span> <span class='ocrx_word' id='word_1_275' title='bbox 1078 2930 1358 2994; x_wconf 68' lang='lat' dir='ltr'><strong>relatum</strong></span> <span class='ocrx_word' id='word_1_276' title='bbox 1418 2927 1478 2983; x_wconf 88' lang='lat' dir='ltr'><strong>id</strong></span> <span class='ocrx_word' id='word_1_277' title='bbox 1507 2914 1660 3003; x_wconf 89' lang='lat' dir='ltr'><strong>quod</strong></span> <span class='ocrx_word' id='word_1_278' title='bbox 1693 2928 2065 2985; x_wconf 85' lang='lat' dir='ltr'><strong>confirmatur</strong></span> <span class='ocrx_word' id='word_1_279' title='bbox 2100 2932 2265 2986; x_wconf 89' lang='lat' dir='ltr'><strong>laetis</strong></span> <span class='ocrx_word' id='word_1_280' title='bbox 2297 2932 2420 2988; x_wconf 85' lang='lat' dir='ltr'><strong>illis</strong></span> 
     </span>
     <span class='ocr_line' id='line_1_32' title="bbox 227 3004 2488 3097; baseline 0.001 -27"><span class='ocrx_word' id='word_1_281' title='bbox 227 3014 433 3087; x_wconf 85' lang='lat' dir='ltr'><strong>populi</strong></span> <span class='ocrx_word' id='word_1_282' title='bbox 460 3011 997 3097; x_wconf 85' lang='lat' dir='ltr'><strong>acclamationibus,</strong></span> <span class='ocrx_word' id='word_1_283' title='bbox 1024 3031 1099 3071; x_wconf 85' lang='lat' dir='ltr'><strong>ex</strong></span> <span class='ocrx_word' id='word_1_284' title='bbox 1125 3011 1236 3069; x_wconf 85' lang='lat' dir='ltr'><strong>hoc</strong></span> <span class='ocrx_word' id='word_1_285' title='bbox 1270 3012 1525 3069; x_wconf 89' lang='lat' dir='ltr'><strong>carmine</strong></span> <span class='ocrx_word' id='word_1_286' title='bbox 1560 3005 1682 3089; x_wconf 87' lang='lat' dir='ltr'><strong>(Vs.</strong></span> <span class='ocrx_word' id='word_1_287' title='bbox 1712 3010 1840 3089; x_wconf 82' lang='grc'><strong>25.)</strong></span> <span class='ocrx_word' id='word_1_288' title='bbox 1875 3014 2168 3084; x_wconf 85' lang='lat' dir='ltr'><strong>desumtis,</strong></span> <span class='ocrx_word' id='word_1_289' title='bbox 2216 3004 2425 3089; x_wconf 86' lang='lat' dir='ltr'><strong>quihus</strong></span> <span class='ocrx_word' id='word_1_290' title='bbox 2479 3080 2488 3085; x_wconf 29' lang='lat'>⁴</span> 
     </span>
     <span class='ocr_line' id='line_1_33' title="bbox 138 3080 2424 3174; baseline 0.001 -21"><span class='ocrx_word' id='word_1_291' title='bbox 138 3160 141 3165; x_wconf 86' lang='lat'><em>.</em></span> <span class='ocrx_word' id='word_1_292' title='bbox 231 3094 498 3154; x_wconf 84' lang='lat' dir='ltr'><strong>Christus</strong></span> <span class='ocrx_word' id='word_1_293' title='bbox 538 3094 742 3155; x_wconf 83' lang='lat' dir='ltr'><strong>ultimo</strong></span> <span class='ocrx_word' id='word_1_294' title='bbox 774 3099 837 3154; x_wconf 93' lang='lat' dir='ltr'><strong>in</strong></span> <span class='ocrx_word' id='word_1_295' title='bbox 866 3080 1062 3155; x_wconf 77' lang='lat' dir='ltr'><strong>urbem</strong></span> <span class='ocrx_word' id='word_1_296' title='bbox 1089 3095 1682 3174; x_wconf 81' lang='lat' dir='ltr'><strong>Hierosolymitanam</strong></span> <span class='ocrx_word' id='word_1_297' title='bbox 1715 3098 1979 3174; x_wconf 83' lang='lat' dir='ltr'><strong>ingressu</strong></span> <span class='ocrx_word' id='word_1_298' title='bbox 2012 3106 2281 3173; x_wconf 86' lang='lat' dir='ltr'><strong>exceptus</strong></span> <span class='ocrx_word' id='word_1_299' title='bbox 2316 3109 2424 3173; x_wconf 87' lang='lat' dir='ltr'><strong>est,</strong></span> 
     </span>
    </p>

    <p class='ocr_par' dir='ltr' id='par_1_6' title="bbox 229 3176 2398 3255">
     <span class='ocr_line' id='line_1_34' title="bbox 229 3176 2398 3255; baseline 0.001 -18"><span class='ocrx_word' id='word_1_300' title='bbox 229 3176 437 3238; x_wconf 85' lang='lat' dir='ltr'><strong>Matth.</strong></span> <span class='ocrx_word' id='word_1_301' title='bbox 470 3183 572 3255; x_wconf 92' lang='grc'><strong>21,</strong></span> <span class='ocrx_word' id='word_1_302' title='bbox 605 3183 663 3238; x_wconf 87' lang='grc'><strong>9.</strong></span> <span class='ocrx_word' id='word_1_303' title='bbox 2393 3205 2398 3211; x_wconf 88' lang='grc'><em>·</em></span> 
     </span>
    </p>
   </div>
   <div class='ocr_carea' id='block_1_5' title="bbox 399 3250 2424 3342">
    <p class='ocr_par' dir='ltr' id='par_1_7' title="bbox 399 3250 2424 3342">
     <span class='ocr_line' id='line_1_35' title="bbox 399 3250 2424 3342; baseline -0 -18"><span class='ocrx_word' id='word_1_304' title='bbox 399 3265 469 3324; x_wconf 88' lang='lat' dir='ltr'><strong>ln</strong></span> <span class='ocrx_word' id='word_1_305' title='bbox 511 3266 803 3324; x_wconf 88' lang='lat' dir='ltr'><strong>codicibus</strong></span> <span class='ocrx_word' id='word_1_306' title='bbox 850 3250 1188 3342; x_wconf 83' lang='lat' dir='ltr'><strong>quibusdam</strong></span> <span class='ocrx_word' id='word_1_307' title='bbox 1229 3285 1265 3323; x_wconf 89' lang='lat' dir='ltr'><strong>a</strong></span> <span class='ocrx_word' id='word_1_308' title='bbox 1306 3264 1661 3324; x_wconf 88' lang='lat' dir='ltr'><strong>Kennicotto</strong></span> <span class='ocrx_word' id='word_1_309' title='bbox 1698 3272 1756 3321; x_wconf 88' lang='lat' dir='ltr'><strong>et</strong></span> <span class='ocrx_word' id='word_1_310' title='bbox 1796 3254 1864 3322; x_wconf 89' lang='lat' dir='ltr'><strong>de</strong></span> <span class='ocrx_word' id='word_1_311' title='bbox 1902 3264 2134 3322; x_wconf 85' lang='lat' dir='ltr'><strong>Rossio</strong></span> <span class='ocrx_word' id='word_1_312' title='bbox 2153 3264 2424 3325; x_wconf 86' lang='lat' dir='ltr'><strong>indicatis</strong></span> 
     </span>
    </p>
   </div>
   <div class='ocr_carea' id='block_1_6' title="bbox 133 3328 2425 3427">
    <p class='ocr_par' dir='ltr' id='par_1_8' title="bbox 133 3328 2425 3427">
     <span class='ocr_line' id='line_1_36' title="bbox 133 3328 2425 3427; baseline 0.001 -21"><span class='ocrx_word' id='word_1_313' title='bbox 133 3354 137 3361; x_wconf 84' lang='lat'><strong><em>&#39;</em></strong></span> <span class='ocrx_word' id='word_1_314' title='bbox 228 3348 342 3406; x_wconf 85' lang='lat' dir='ltr'><strong>hoc</strong></span> <span class='ocrx_word' id='word_1_315' title='bbox 381 3367 610 3407; x_wconf 90' lang='lat' dir='ltr'><strong>carmen</strong></span> <span class='ocrx_word' id='word_1_316' title='bbox 651 3370 782 3425; x_wconf 92' lang='lat' dir='ltr'><strong>pars</strong></span> <span class='ocrx_word' id='word_1_317' title='bbox 822 3362 910 3408; x_wconf 88' lang='lat' dir='ltr'><strong>est</strong></span> <span class='ocrx_word' id='word_1_318' title='bbox 950 3352 1335 3427; x_wconf 89' lang='lat' dir='ltr'><strong>praecedentis</strong></span> <span class='ocrx_word' id='word_1_319' title='bbox 1379 3350 1626 3423; x_wconf 85' lang='lat' dir='ltr'><strong>Psalmi;</strong></span> <span class='ocrx_word' id='word_1_320' title='bbox 1685 3351 1748 3406; x_wconf 89' lang='lat' dir='ltr'><strong>in</strong></span> <span class='ocrx_word' id='word_1_321' title='bbox 1776 3328 1909 3407; x_wconf 82' lang='lat' dir='ltr'><strong>aliis</strong></span> <span class='ocrx_word' id='word_1_322' title='bbox 1939 3368 1974 3405; x_wconf 91' lang='lat' dir='ltr'><strong>a</strong></span> <span class='ocrx_word' id='word_1_323' title='bbox 2003 3350 2183 3407; x_wconf 89' lang='lat' dir='ltr'><strong>Versu</strong></span> <span class='ocrx_word' id='word_1_324' title='bbox 2217 3349 2271 3406; x_wconf 86' lang='lat'><strong>5.</strong></span> <span class='ocrx_word' id='word_1_325' title='bbox 2315 3369 2425 3408; x_wconf 91' lang='lat' dir='ltr'><strong>no-</strong></span> 
     </span>
    </p>
   </div>
   <div class='ocr_carea' id='block_1_7' title="bbox 164 3433 2426 3596">
    <p class='ocr_par' dir='ltr' id='par_1_9' title="bbox 164 3433 2426 3596">
     <span class='ocr_line' id='line_1_37' title="bbox 232 3433 2426 3535; baseline 0.001 -45"><span class='ocrx_word' id='word_1_326' title='bbox 232 3451 342 3490; x_wconf 83' lang='lat' dir='ltr'><strong>vus</strong></span> <span class='ocrx_word' id='word_1_327' title='bbox 374 3435 582 3510; x_wconf 87' lang='lat' dir='ltr'><strong>incipit</strong></span> <span class='ocrx_word' id='word_1_328' title='bbox 615 3433 907 3507; x_wconf 88' lang='lat' dir='ltr'><strong>Psalmus,</strong></span> <span class='ocrx_word' id='word_1_329' title='bbox 964 3438 1027 3492; x_wconf 91' lang='lat' dir='ltr'><strong>in</strong></span> <span class='ocrx_word' id='word_1_330' title='bbox 1064 3439 1194 3494; x_wconf 88' lang='lat' dir='ltr'><strong>aliis</strong></span> <span class='ocrx_word' id='word_1_331' title='bbox 1232 3454 1370 3493; x_wconf 85' lang='lat' dir='ltr'><strong>vero</strong></span> <span class='ocrx_word' id='word_1_332' title='bbox 1411 3445 1583 3510; x_wconf 82' lang='lat' dir='ltr'><strong>atque</strong></span> <span class='ocrx_word' id='word_1_333' title='bbox 1627 3435 1689 3489; x_wconf 90' lang='lat' dir='ltr'><strong>in</strong></span> <span class='ocrx_word' id='word_1_334' title='bbox 1726 3435 1926 3491; x_wconf 89' lang='lat' dir='ltr'><strong>multis</strong></span> <span class='ocrx_word' id='word_1_335' title='bbox 1967 3434 2137 3492; x_wconf 88' lang='lat' dir='ltr'><strong>libris</strong></span> <span class='ocrx_word' id='word_1_336' title='bbox 2174 3453 2426 3535; x_wconf 86' lang='lat' dir='ltr'><strong>precum,</strong></span> 
     </span>
     <span class='ocr_line' id='line_1_38' title="bbox 164 3516 1608 3596; baseline -0.002 -20"><span class='ocrx_word' id='word_1_337' title='bbox 164 3530 167 3533; x_wconf 73' lang='grc'><strong>’</strong></span> <span class='ocrx_word' id='word_1_338' title='bbox 229 3536 267 3576; x_wconf 85' lang='lat' dir='ltr'><strong>a</strong></span> <span class='ocrx_word' id='word_1_339' title='bbox 295 3517 479 3576; x_wconf 83' lang='lat' dir='ltr'><strong>Versu</strong></span> <span class='ocrx_word' id='word_1_340' title='bbox 510 3516 645 3592; x_wconf 74' lang='grc'><strong>25,,</strong></span> <span class='ocrx_word' id='word_1_341' title='bbox 688 3521 750 3576; x_wconf 90' lang='lat' dir='ltr'><strong>in</strong></span> <span class='ocrx_word' id='word_1_342' title='bbox 782 3521 913 3576; x_wconf 82' lang='lat' dir='ltr'><strong>allis</strong></span> <span class='ocrx_word' id='word_1_343' title='bbox 940 3518 1192 3596; x_wconf 82' lang='lat' dir='ltr'><strong>denique</strong></span> <span class='ocrx_word' id='word_1_344' title='bbox 1226 3537 1262 3575; x_wconf 88' lang='lat' dir='ltr'><strong>a</strong></span> <span class='ocrx_word' id='word_1_345' title='bbox 1289 3518 1496 3576; x_wconf 88' lang='lat' dir='ltr'><strong>Versu</strong></span> <span class='ocrx_word' id='word_1_346' title='bbox 1504 3519 1608 3574; x_wconf 84' lang='grc'><strong>26.</strong></span> 
     </span>
    </p>
   </div>
   <div class='ocr_carea' id='block_1_8' title="bbox 226 3632 2431 3795">
    <p class='ocr_par' dir='ltr' id='par_1_10' title="bbox 233 3632 2431 3795">
     <span class='ocr_line' id='line_1_39' title="bbox 406 3632 2431 3714; baseline 0 -23"><span class='ocrx_word' id='word_1_347' title='bbox 406 3635 462 3695; x_wconf 86' lang='lat' dir='ltr'><strong>l.</strong></span> <span class='ocrx_word' id='word_1_348' title='bbox 544 3632 831 3698; x_wconf 88' lang='lat' dir='ltr'><strong>Hortatur</strong></span> <span class='ocrx_word' id='word_1_349' title='bbox 860 3638 1130 3713; x_wconf 89' lang='lat' dir='ltr'><strong>populum</strong></span> <span class='ocrx_word' id='word_1_350' title='bbox 1164 3636 1452 3711; x_wconf 86' lang='lat' dir='ltr'><strong>princeps,</strong></span> <span class='ocrx_word' id='word_1_351' title='bbox 1492 3641 1560 3691; x_wconf 89' lang='lat' dir='ltr'><strong>ut</strong></span> <span class='ocrx_word' id='word_1_352' title='bbox 1590 3640 1872 3714; x_wconf 82' lang='lat' dir='ltr'><strong>agnoscat</strong></span> <span class='ocrx_word' id='word_1_353' title='bbox 1901 3640 1961 3690; x_wconf 90' lang='lat' dir='ltr'><strong>et</strong></span> <span class='ocrx_word' id='word_1_354' title='bbox 1988 3635 2231 3692; x_wconf 88' lang='lat' dir='ltr'><strong>celebret</strong></span> <span class='ocrx_word' id='word_1_355' title='bbox 2257 3636 2431 3693; x_wconf 89' lang='lat' dir='ltr'><strong>hene·-</strong></span> 
     </span>
     <span class='ocr_line' id='line_1_40' title="bbox 226 3703 943 3795; baseline 0.003 -21.02"><span class='ocrx_word' id='word_1_356' title='bbox 226 3703 413 3777; x_wconf 79' lang='lat' dir='ltr'><strong>fiola</strong></span> <span class='ocrx_word' id='word_1_357' title='bbox 394 3738 460 3778; x_wconf 87' lang='lat' dir='ltr'><strong>m</strong></span> <span class='ocrx_word' id='word_1_358' title='bbox 491 3711 682 3795; x_wconf 84' lang='lat' dir='ltr'><strong>ipsum</strong></span> <span class='ocrx_word' id='word_1_359' title='bbox 713 3720 943 3778; x_wconf 88' lang='lat' dir='ltr'><strong>collata.</strong></span> 
     </span>
    </p>
   </div>
   <div class='ocr_carea' id='block_1_9' title="bbox 404 3800 2432 3903">
    <p class='ocr_par' dir='ltr' id='par_1_11' title="bbox 404 3800 2432 3903">
     <span class='ocr_line' id='line_1_41' title="bbox 404 3800 2432 3903; baseline -0 -19"><span class='ocrx_word' id='word_1_360' title='bbox 404 3828 464 3884; x_wconf 92' lang='grc'><strong>2.</strong></span> <span class='ocrx_word' id='word_1_361' title='bbox 546 3825 933 3886; x_wconf 89' lang='lat' dir='ltr'><strong>Peculiariter</strong></span> <span class='ocrx_word' id='word_1_362' title='bbox 973 3838 1032 3886; x_wconf 89' lang='lat' dir='ltr'><strong>et</strong></span> <span class='ocrx_word' id='word_1_363' title='bbox 1069 3830 1303 3886; x_wconf 90' lang='lat' dir='ltr'><strong>seorsim</strong></span> <span class='ocrx_word' id='word_1_364' title='bbox 1339 3828 1601 3889; x_wconf 87' lang='lat' dir='ltr'><strong>nominat</strong></span> <span class='ocrx_word' id='word_1_365' title='bbox 1619 3800 1879 3886; x_wconf 82' lang='lat' dir='ltr'><strong>Aaronis</strong></span> <span class='ocrx_word' id='word_1_366' title='bbox 1912 3827 2220 3901; x_wconf 89' lang='lat' dir='ltr'><strong>familiam,</strong></span> <span class='ocrx_word' id='word_1_367' title='bbox 2279 3824 2432 3903; x_wconf 86' lang='lat' dir='ltr'><strong>quod</strong></span> 
     </span>
    </p>
   </div>
   <div class='ocr_carea' id='block_1_10' title="bbox 124 3904 2434 3988">
    <p class='ocr_par' dir='ltr' id='par_1_12' title="bbox 124 3904 2434 3988">
     <span class='ocr_line' id='line_1_42' title="bbox 124 3904 2434 3988; baseline 0.001 -20"><span class='ocrx_word' id='word_1_368' title='bbox 124 3904 135 3921; x_wconf 52' lang='lat'>‘</span> <span class='ocrx_word' id='word_1_369' title='bbox 236 3928 459 3969; x_wconf 80' lang='lat' dir='ltr'><strong>summa</strong></span> <span class='ocrx_word' id='word_1_370' title='bbox 481 3929 676 3970; x_wconf 87' lang='lat' dir='ltr'><strong>rerum</strong></span> <span class='ocrx_word' id='word_1_371' title='bbox 704 3915 767 3969; x_wconf 93' lang='lat' dir='ltr'><strong>in</strong></span> <span class='ocrx_word' id='word_1_372' title='bbox 796 3910 1048 3988; x_wconf 88' lang='lat' dir='ltr'><strong>politicis</strong></span> <span class='ocrx_word' id='word_1_373' title='bbox 1078 3923 1136 3970; x_wconf 89' lang='lat' dir='ltr'><strong>et</strong></span> <span class='ocrx_word' id='word_1_374' title='bbox 1162 3915 1344 3970; x_wconf 91' lang='lat' dir='ltr'><strong>sacris</strong></span> <span class='ocrx_word' id='word_1_375' title='bbox 1370 3911 1480 3969; x_wconf 86' lang='lat' dir='ltr'><strong>hoc</strong></span> <span class='ocrx_word' id='word_1_376' title='bbox 1510 3922 1760 3988; x_wconf 88' lang='lat' dir='ltr'><strong>tempore</strong></span> <span class='ocrx_word' id='word_1_377' title='bbox 1787 3912 1938 3988; x_wconf 91' lang='lat' dir='ltr'><strong>apud</strong></span> <span class='ocrx_word' id='word_1_378' title='bbox 1962 3904 2271 3969; x_wconf 81' lang='lat' dir='ltr'><strong>Pontifices</strong></span> <span class='ocrx_word' id='word_1_379' title='bbox 2303 3911 2434 3970; x_wconf 85' lang='lat' dir='ltr'><strong>fuit.</strong></span> 
     </span>
    </p>
   </div>
   <div class='ocr_carea' id='block_1_11' title="bbox 405 4017 2435 4119">
    <p class='ocr_par' dir='ltr' id='par_1_13' title="bbox 405 4017 2435 4119">
     <span class='ocr_line' id='line_1_43' title="bbox 405 4017 2435 4119; baseline 0.002 -44"><span class='ocrx_word' id='word_1_380' title='bbox 405 4017 468 4075; x_wconf 93' lang='grc'><strong>5.</strong></span> <span class='ocrx_word' id='word_1_381' title='bbox 549 4019 833 4097; x_wconf 85' lang='lat' dir='ltr'><strong>Exemplo</strong></span> <span class='ocrx_word' id='word_1_382' title='bbox 869 4038 974 4078; x_wconf 85' lang='lat' dir='ltr'><strong>suo</strong></span> <span class='ocrx_word' id='word_1_383' title='bbox 1003 4023 1230 4097; x_wconf 88' lang='lat' dir='ltr'><strong>probat,</strong></span> <span class='ocrx_word' id='word_1_384' title='bbox 1270 4018 1473 4077; x_wconf 84' lang='lat' dir='ltr'><strong>Jovam</strong></span> <span class='ocrx_word' id='word_1_385' title='bbox 1500 4022 1810 4119; x_wconf 82' lang='lat' dir='ltr'><strong>benignum</strong></span> <span class='ocrx_word' id='word_1_386' title='bbox 1841 4039 1964 4076; x_wconf 88' lang='lat' dir='ltr'><strong>esse</strong></span> <span class='ocrx_word' id='word_1_387' title='bbox 1995 4029 2055 4077; x_wconf 89' lang='lat' dir='ltr'><strong>et</strong></span> <span class='ocrx_word' id='word_1_388' title='bbox 2084 4022 2435 4080; x_wconf 88' lang='lat' dir='ltr'><strong>clementem.</strong></span> 
     </span>
    </p>
   </div>
   <div class='ocr_carea' id='block_1_12' title="bbox 104 4100 2436 4193">
    <p class='ocr_par' dir='ltr' id='par_1_14' title="bbox 104 4100 2436 4193">
     <span class='ocr_line' id='line_1_44' title="bbox 104 4100 2436 4193; baseline 0.001 -30"><span class='ocrx_word' id='word_1_389' title='bbox 104 4118 127 4137; x_wconf 63' lang='lat'>²</span> <span class='ocrx_word' id='word_1_390' title='bbox 236 4110 383 4163; x_wconf 55' lang='grc' dir='ltr'><strong>Ἄτη</strong></span> <span class='ocrx_word' id='word_1_391' title='bbox 416 4103 745 4179; x_wconf 79' lang='lat' dir='ltr'><strong>Angustia,</strong></span> <span class='ocrx_word' id='word_1_392' title='bbox 800 4123 836 4161; x_wconf 89' lang='lat' dir='ltr'><strong>a</strong></span> <span class='ocrx_word' id='word_1_393' title='bbox 876 4105 1072 4163; x_wconf 86' lang='lat' dir='ltr'><strong>radice</strong></span> <span class='ocrx_word' id='word_1_394' title='bbox 1112 4115 1262 4190; x_wconf 59' lang='grc' dir='ltr'><strong>Ἶῆιξ</strong></span> <span class='ocrx_word' id='word_1_395' title='bbox 1298 4100 1472 4163; x_wconf 88' lang='grc' dir='ltr'><strong>Νιιιιι.</strong></span> <span class='ocrx_word' id='word_1_396' title='bbox 1501 4103 1605 4176; x_wconf 88' lang='grc'><strong>25,</strong></span> <span class='ocrx_word' id='word_1_397' title='bbox 1629 4107 1723 4162; x_wconf 86' lang='grc'><strong>18.</strong></span> <span class='ocrx_word' id='word_1_398' title='bbox 1762 4104 1980 4163; x_wconf 84' lang='lat' dir='ltr'><strong>formae</strong></span> <span class='ocrx_word' id='word_1_399' title='bbox 2015 4115 2146 4164; x_wconf 70' lang='lat'>:10⁹2</span> <span class='ocrx_word' id='word_1_400' title='bbox 2182 4109 2246 4184; x_wconf 92' lang='lat' dir='ltr'><strong>(a</strong></span> <span class='ocrx_word' id='word_1_401' title='bbox 2278 4103 2436 4193; x_wconf 69' lang='lat'><strong>220)</strong></span> 
     </span>
    </p>
   </div>
   <div class='ocr_carea' id='block_1_13' title="bbox 241 4171 2440 4353">
    <p class='ocr_par' dir='ltr' id='par_1_15' title="bbox 241 4171 2440 4353">
     <span class='ocr_line' id='line_1_45' title="bbox 241 4171 2440 4276; baseline 0.002 -34"><span class='ocrx_word' id='word_1_402' title='bbox 241 4185 421 4265; x_wconf 82' lang='lat' dir='ltr'><strong>lReg</strong></span> <span class='ocrx_word' id='word_1_403' title='bbox 423 4186 515 4257; x_wconf 87' lang='lat'><strong>.,6</strong></span> <span class='ocrx_word' id='word_1_404' title='bbox 529 4189 628 4246; x_wconf 89' lang='grc'><strong>29.</strong></span> <span class='ocrx_word' id='word_1_405' title='bbox 685 4188 775 4247; x_wconf 82' lang='lat' dir='ltr'><strong>cf.</strong></span> <span class='ocrx_word' id='word_1_406' title='bbox 803 4184 1023 4246; x_wconf 89' lang='lat' dir='ltr'><strong>similes</strong></span> <span class='ocrx_word' id='word_1_407' title='bbox 1051 4171 1284 4264; x_wconf 84' lang='lat' dir='ltr'><strong>phrases</strong></span> <span class='ocrx_word' id='word_1_408' title='bbox 1312 4187 1407 4245; x_wconf 84' lang='lat' dir='ltr'><strong>Ps.</strong></span> <span class='ocrx_word' id='word_1_409' title='bbox 1427 4190 1531 4262; x_wconf 89' lang='grc'><strong>20,</strong></span> <span class='ocrx_word' id='word_1_410' title='bbox 1550 4191 1613 4247; x_wconf 94' lang='grc'><strong>2.</strong></span> <span class='ocrx_word' id='word_1_411' title='bbox 1655 4192 1760 4262; x_wconf 91' lang='grc'><strong>22,</strong></span> <span class='ocrx_word' id='word_1_412' title='bbox 1790 4190 1882 4246; x_wconf 84' lang='grc'><strong>12.</strong></span> <span class='ocrx_word' id='word_1_413' title='bbox 1923 4221 2009 4233; x_wconf 85' lang='lat'><strong>-·</strong></span> <span class='ocrx_word' id='word_1_414' title='bbox 2046 4171 2273 4252; x_wconf 44' lang='lat' dir='ltr'><strong>inunt:</strong></span> <span class='ocrx_word' id='word_1_415' title='bbox 2314 4203 2440 4276; x_wconf 61' lang='lat'><strong>³222</strong></span> 
     </span>
     <span class='ocr_line' id='line_1_46' title="bbox 241 4254 2440 4353; baseline 0.001 -26"><span class='ocrx_word' id='word_1_416' title='bbox 241 4267 580 4327; x_wconf 71' lang='lat' dir='ltr'><strong>Exaudivit</strong></span> <span class='ocrx_word' id='word_1_417' title='bbox 620 4290 707 4328; x_wconf 76' lang='lat' dir='ltr'><strong>mo</strong></span> <span class='ocrx_word' id='word_1_418' title='bbox 744 4274 809 4329; x_wconf 77' lang='lat' dir='ltr'><strong>in</strong></span> <span class='ocrx_word' id='word_1_419' title='bbox 851 4273 1205 4345; x_wconf 75' lang='lat' dir='ltr'><strong>latitudine,</strong></span> <span class='ocrx_word' id='word_1_420' title='bbox 1262 4275 1302 4332; x_wconf 87' lang='lat' dir='ltr'><strong>i.</strong></span> <span class='ocrx_word' id='word_1_421' title='bbox 1337 4290 1385 4330; x_wconf 89' lang='lat' dir='ltr'><strong>e.</strong></span> <span class='ocrx_word' id='word_1_422' title='bbox 1416 4273 1717 4341; x_wconf 80' lang='lat' dir='ltr'><strong>exaudivit</strong></span> <span class='ocrx_word' id='word_1_423' title='bbox 1750 4291 1839 4331; x_wconf 88' lang='lat' dir='ltr'><strong>me</strong></span> <span class='ocrx_word' id='word_1_424' title='bbox 1871 4292 1946 4333; x_wconf 88' lang='lat' dir='ltr'><strong>ex</strong></span> <span class='ocrx_word' id='word_1_425' title='bbox 1977 4254 2263 4353; x_wconf 75' lang='lat' dir='ltr'><strong>angustiis</strong></span> <span class='ocrx_word' id='word_1_426' title='bbox 2298 4255 2440 4331; x_wconf 87' lang='lat' dir='ltr'><strong>edu-</strong></span> 
     </span>
    </p>
   </div>
   <div class='ocr_carea' id='block_1_14' title="bbox 242 4353 2438 4431">
    <p class='ocr_par' dir='ltr' id='par_1_16' title="bbox 242 4353 2438 4431">
     <span class='ocr_line' id='line_1_47' title="bbox 242 4353 2438 4431; baseline 0 -18"><span class='ocrx_word' id='word_1_427' title='bbox 242 4353 444 4427; x_wconf 77' lang='lat' dir='ltr'><strong>cendo,</strong></span> <span class='ocrx_word' id='word_1_428' title='bbox 474 4362 532 4413; x_wconf 77' lang='lat' dir='ltr'><strong>et</strong></span> <span class='ocrx_word' id='word_1_429' title='bbox 564 4355 916 4417; x_wconf 81' lang='lat' dir='ltr'><strong>restituendo</strong></span> <span class='ocrx_word' id='word_1_430' title='bbox 949 4360 1014 4418; x_wconf 90' lang='lat' dir='ltr'><strong>in</strong></span> <span class='ocrx_word' id='word_1_431' title='bbox 1039 4360 1383 4431; x_wconf 76' lang='lat' dir='ltr'><strong>libertatem,</strong></span> <span class='ocrx_word' id='word_1_432' title='bbox 1425 4377 1495 4419; x_wconf 88' lang='lat' dir='ltr'><strong>ac</strong></span> <span class='ocrx_word' id='word_1_433' title='bbox 1517 4360 1700 4418; x_wconf 82' lang='lat' dir='ltr'><strong>veluti</strong></span> <span class='ocrx_word' id='word_1_434' title='bbox 1728 4359 2034 4428; x_wconf 80' lang='lat' dir='ltr'><strong>statuendo</strong></span> <span class='ocrx_word' id='word_1_435' title='bbox 2065 4362 2130 4418; x_wconf 86' lang='lat' dir='ltr'><strong>in</strong></span> <span class='ocrx_word' id='word_1_436' title='bbox 2159 4361 2285 4419; x_wconf 90' lang='lat' dir='ltr'><strong>loco</strong></span> <span class='ocrx_word' id='word_1_437' title='bbox 2318 4361 2438 4416; x_wconf 88' lang='lat' dir='ltr'><strong>lato</strong></span> 
     </span>
    </p>
   </div>
  </div>
 </body>
</html>
