2807 4913
1032 206 1037 218 Ι
1126 257 1242 324 Pe.
1286 246 1407 340 68,
1457 271 1525 320 2.
1831 195 1840 210 l
2263 217 2431 357 ’401

219 441 496 500 conficiat
526 439 722 500 hostes
751 458 922 514 suos,
968 440 1069 517 qui
1101 447 1240 496 sunt
1266 435 1464 496 hostes
1492 381 1697 516 populi
1722 437 1849 511 sui,
1888 447 1950 498 et
1973 417 2089 516 qna
2115 440 2439 533 benefaciat

221 530 369 585 suis.
454 526 775 602 Utramque
807 523 1064 583 ostendit
1095 544 1170 582 ex
1204 526 1572 600 antiquitate,
1617 524 1875 600 repetitis
1903 529 2178 602 exemplis
2213 549 2453 607 eorum,.

220 630 371 688 quae
404 609 553 669 Jova
578 611 842 689 patribus
873 610 1234 683 praestiterit
1263 607 1678 708 occupantibus
1710 617 1924 668 terram
1951 605 2334 687 Cananaeam,
2373 625 2436 674 et

215 698 587 782 μιμητικῶς,
651 696 930 772 valdeque
982 696 1206 771 poetice
1256 686 1648 772 ἠθοποιΐαν
1666 694 1846 768 prisci
1879 695 2117 770 epinicii
2157 697 2437 780 informat:

216 778 346 853 (Vs.
381 783 408 837 1
431 777 680 858 —15.).
762 777 997 837 Deinde
1058 778 1383 837 celebratur
1432 777 1752 856 singularis
1804 782 2245 858 praerogativa,
2317 803 2435 860 qua

214 864 379 924 Deus
411 876 663 924 montem
692 864 971 938 Zionem,
1016 875 1084 922 ut
1109 864 1300 921 sedem
1335 882 1499 934 suam
1533 866 1786 943 elegerat
1821 857 1928 939 (16
1949 895 2019 906 —
2047 862 2192 944 19..)
2278 867 2435 928 Tum

116 939 123 944 ”
204 958 543 1025 sequuntur
590 967 786 1025 preces
839 968 947 1025 pro
991 949 1359 1024 impetrando
1403 948 1627 1005 auxilio
1671 947 1873 1005 divino
1916 948 2192 1008 adversus
2234 949 2435 1011 hostes

215 1035 405 1091 adhuc
437 1034 800 1092 debellandos
832 1028 1207 1111 (20—31..)
1273 1031 1534 1091 Tandem
1569 1032 1905 1090 excitantur
1932 1052 2128 1119 omnes
2159 1041 2433 1096 mortales

172 1151 179 1160 .
211 1120 288 1175 ad
330 1128 558 1176 tantam
599 1118 768 1193 huius
808 1117 932 1176 Dei
961 1120 1320 1194 majestatem
1357 1114 1785 1196 agnoscendam
1819 1127 1879 1176 et
1908 1109 2238 1181 reverenter
2275 1124 2434 1181 eele-

209 1190 494 1263 brandam
532 1203 731 1280 (32—
752 1202 904 1278 36..)

383 1305 545 1364 Satis
583 1306 901 1381 probabilis
940 1313 1029 1363 est
1064 1305 1447 1382 interpretum
1481 1305 1866 1381 complurium
1898 1305 2264 1381 conjectura,
2318 1307 2433 1369 hoc
2519 1365 2526 1373 ,

209 1408 449 1448 carmen
492 1408 530 1447 a
566 1389 792 1449 Davide
832 1392 1212 1466 compositum
1251 1408 1375 1446 esse
1410 1407 1485 1446 ex
1520 1390 1823 1447 occasione
1852 1389 2011 1446 illius
2039 1392 2433 1466 solennitatis,

209 1494 328 1552 qua
384 1492 526 1532 arca
574 1491 741 1531 sacra
788 1494 863 1533 ex
909 1477 1148 1533 aedibus
1200 1473 1554 1534 Obededomi
1605 1475 1669 1531 in
1717 1491 1909 1554 arcem
1953 1474 2309 1533 Zioniticam
2354 1479 2431 1538 ad

136 1613 145 1618 ,
210 1562 404 1618 locum
460 1561 517 1616 ei
562 1569 829 1637 paratum
872 1544 1292 1618 transferretur
1333 1559 1406 1634 (2
1426 1558 1584 1617 Sam.
1616 1560 1688 1631 6,
1724 1559 1820 1617 12.
1860 1576 2008 1635 sqq.
2055 1557 2242 1618 ichr.
2274 1560 2426 1638 15.).

211 1642 337 1700 Alii
367 1662 599 1701 carmen
633 1646 697 1700 in
728 1659 897 1701 arcae
926 1662 1126 1701 sacrae
1159 1646 1349 1702 reditu
1385 1663 1418 1700 e
1449 1643 1599 1701 bello
1627 1643 1873 1701 feliciter
1901 1654 2065 1722 gesto
2098 1644 2163 1701 in
2191 1647 2431 1706 solenni

212 1746 421 1803 pompa
456 1730 518 1784 in
549 1730 948 1786 sanctuarium
979 1729 1253 1787 reductae
1283 1728 1653 1786 decantatum
1685 1728 2041 1785 existimant.
2121 1730 2271 1787 Ante
2299 1730 2428 1789 Da-

210 1812 404 1868 videm
442 1831 670 1870 carmen
702 1831 821 1869 non
856 1832 978 1870 esse
1009 1811 1261 1886 factum,
1303 1814 1505 1892 arguit
1531 1813 1854 1869 sanctuarii
1886 1813 1947 1868 in
1976 1812 2119 1869 urbe
2143 1811 2429 1874 Hieroso-

210 1896 498 1971 lymitana
530 1899 750 1954 mentio
778 1897 874 1955 Vs‘.
901 1899 1003 1954 30.
1086 1897 1287 1973 Neque
1314 1915 1456 1954 vero
1482 1905 1615 1972 post
1644 1898 1835 1955 decem
1862 1897 2120 1954 tribuum
2148 1897 2428 1959 defectio·-

211 1998 345 2037 nem
379 1985 758 2057 compositum
791 1991 916 2054 est,
975 2001 1151 2058 quum
1181 1984 1370 2040 tribus
1402 1974 1559 2038 Juda
1591 1990 1651 2037 et
1679 1979 1983 2053 Beniamin
2010 2000 2140 2038 cum
2167 1981 2438 2044 Sebulon'

209 2070 273 2120 et
306 2064 582 2142 Naphtali
614 2068 851 2140 junctae
882 2066 982 2123 Vs.
1012 2068 1115 2126 28.
1156 2075 1696 2124 commemorentur.
1778 2062 1955 2124 Haud
1991 2066 2166 2141 plane
2207 2069 2432 2146 impro-

207 2148 420 2206 babilis
451 2169 651 2209 eorum
678 2153 1003 2222 sententia,
1051 2154 1152 2228 qui
1180 2162 1313 2228 post
1345 2152 1562 2208 bellum
1594 2148 1884 2208 aDavide
1916 2147 2166 2209 feliciter
2195 2163 2428 2231 gestum
2534 2154 2543 2162 “

209 2243 421 2292 contra
462 2233 648 2311 Syros
690 2237 948 2313 aliosque
987 2254 1117 2293 cum
1155 2238 1231 2293 iis
1268 2238 1502 2310 junctos
1545 2228 1789 2310 po'pulos
1832 2233 2068 2316 (2Sam.
2099 2236 2159 2307 8,
2190 2239 2247 2295 5.
2276 2233 2426 2317 sqq.)

112 2311 113 2320 ’
207 2335 444 2376 carmen
486 2319 701 2376 factum
746 2329 971 2396 putant.
1026 2352 1114 2365 —
1170 2320 1478 2377 Peculiari
1502 2318 1810 2377 Dissertat.
1853 2329 2083 2396 praeter
2124 2322 2272 2378 alios
2313 2321 2428 2382 hoc

207 2420 443 2462 carmen
473 2404 798 2463 illustravit
831 2402 894 2464 C.
923 2404 992 2464 F.
1020 2385 1452 2464 Scamnum
1433 2424 1499 2479 ιιι
1526 2401 1898 2464 Dissertatt.
1925 2403 2209 2485 philolog.
2250 2408 2423 2468 critt.

206 2484 419 2566 (Goth.
460 2487 674 2565 1790.)
714 2510 771 2566 p.
799 2492 940 2552 285.
971 2510 1101 2569 sqq.
1182 2541 1187 2547 .

284 2603 288 2608 “
380 2592 534 2659 Quia
569 2594 814 2667 epistola
846 2593 919 2650 ad
949 2580 1241 2668 Ephesios
1272 2587 1358 2663 (4,
1388 2587 1478 2666 8.)
1507 2588 1756 2657 Versum
1783 2587 1958 2665 hujus
1987 2588 2207 2650 Psalmi
2238 2612 2420 2655 unum

170 2671 372 2751 ³(19.)
416 2679 833 2753 interpretatur
880 2677 949 2732 de
989 2676 1211 2735 Christi
1258 2677 1542 2748 victoria,
1613 2694 1728 2751 qua
1772 2695 1804 2733 e
1845 2686 2034 2734 morte
2074 2681 2421 2754 resurrexit,

205 2762 440 2836 ejusque
472 2764 808 2820 ascensione
841 2763 906 2817 in
934 2763 1177 2836 coelum,
1219 2761 1349 2818 ideo
1382 2764 1578 2837 plures
1609 2771 1797 2818 totum
1827 2759 2216 2820 Psalmum‘de
2247 2762 2421 2823 Chri-

204 2854 320 2916 sto,
363 2844 613 2902 historia
641 2857 699 2903 et
730 2864 913 2925 regno
944 2849 1069 2921 eJus
1097 2849 1579 2928 interpretantur,
1618 2844 1679 2901 id
1706 2844 1861 2923 quod
1893 2846 2418 2908 detortissimarum

205 2931 750 3005 interpretationum
798 2940 1029 2989 causam
1081 2930 1289 2988 afferre
1333 2932 1551 2990 debuit.
1640 2929 1955 2988 Verissime
1997 2949 2139 2990 vero
2187 2934 2421 2991 monuit

203 3013 699 3085 ScHNuanEaus,
742 3015 989 3095 pendere
1013 3019 1133 3073 vim
1165 3014 1388 3073 omnem
1420 3016 1977 3095 argumentationis,
2024 3031 2141 3095 qua
2168 3018 2421 3092 Aposto-

202 3101 295 3156 lus
341 3101 469 3156 loco
516 3101 618 3156 illo
666 3103 886 3173 utitur,
942 3118 978 3156 a
1012 3101 1234 3158 Graeca
1264 3104 1560 3172 versione,
1617 3119 1731 3177 qua
1765 3098 1947 3156 Paulo
1977 3101 2166 3159 locum
2195 3099 2416 3162 Psalmi

203 3179 337 3263 (Vs.
362 3180 486 3259 19.)
517 3183 755 3242 reddere
781 3187 971 3243 visum
1002 3196 1106 3243 est.
1175 3185 1244 3242 ln
1274 3204 1385 3260 qua
1417 3205 1593 3263 quum
1621 3184 1806 3242 verba
1829 3184 1928 3244 καὶ
1957 3179 2142 3246 ἔδωκε
2172 3178 2416 3263 δόματα

202 3292 332 3338 τοις
373 3257 767 3349 ἆνθριᾷποις,
821 3272 1091 3328 recedant
1119 3272 1287 3365 plane
1317 3289 1458 3328 vero
1493 3280 1552 3328 et
1587 3271 1761 3329 obvio
1796 3286 1969 3327 sensu
2001 3268 2285 3329 formulae
2308 3271 2414 3331 he·-
2466 3338 2472 3350 Ι

150 3375 162 3386 ⁴
203 3354 466 3425 braicae,
528 3361 696 3418 met-⁹.
737 3360 943 3417 numm
987 3353 1204 3445 Rupe,
1261 3373 1373 3430 qua
1409 3355 1567 3413 Deus
1602 3364 1868 3431 acceptor
1899 3372 2234 3429 munerum,
2288 3375 2413 3415 non

178 3447 404 3496 ·auctor
431 3421 697 3508 dicitur3
731 3421 896 3501 haud
916 3423 1224 3510 difficulter
1259 3440 1637 3519 intelligitur,
1689 3458 1812 3497 non
1844 3437 1919 3496 ad
1948 3440 2309 3515 probandum
2337 3442 2410 3500 ab

197 3523 478 3623 Apes-tolo
517 3538 855 3601 usurpatum
889 3543 1012 3581 esse
1039 3510 1257 3581 Psalmi
1287 3527 1667 3599 sententiam,
1710 3524 1810 3582 sed
1839 3523 1912 3582 ad
1940 3541 2064 3581 rem
2087 3526 2296 3601 aliam,
2342 3526 2412 3585 de

198 3623 315 3684 qua
344 3609 458 3683 ipsi
487 3626 676 3669 sermo
706 3621 853 3685 erat,
898 3608 1296 3668 tantummodo
1328 3611 1834 3670 accommodatam.

365 3749 425 3805 2.
481 3746 647 3806 Scita
675 3760 765 3807 est
801 3749 1204 3809 Sennunnnm
1239 3749 1590 3821 observatio,
1629 3747 1922 3807 Psalmum
1953 3751 2038 3807 ita
2070 3736 2409 3816 videri‘dis÷·

194 3826 484 3908 positum,
544 3844 610 3891 ut
646 3836 798 3891 inter
836 3839 1017 3910 ipsam
1046 3851 1314 3909 pompam
1347 3831 1708 3905 deducendae
1740 3851 1908 3890 arcae
1939 3841 2131 3910 posset
2162 3834 2408 3891 cantari.

196 3915 437 3989 „Habet
484 3919 672 3997 igitur
717 3921 1022 3977 intervalla
1067 3918 1343 3994 quaedam
1388 3936 1531 3991 sua,
1608 3929 1667 3976 et
1719 3928 1951 3976 constat
1995 3936 2069 3976 ex
2112 3915 2407 3995 distinctis

193 4003 487 4076 partibus,
549 4023 692 4082 quas
735 4005 971 4062 omnino
1009 4002 1166 4061 haud
1211 4019 1354 4076 opus
1394 4012 1518 4075 est,
1575 4004 1906 4062 arctissimo
1946 4021 2100 4060 nexu
2140 4003 2297 4060 inter
2340 4021 2405 4060 se

194 4083 517 4145 cohaerere.
602 4090 681 4148 Et
720 4090 954 4148 initium
1002 4088 1229 4167 quidem
1271 4089 1395 4163 ejus
1441 4090 1717 4147 cantandi
1757 4086 1973 4146 factum
2012 4106 2137 4146 esse
2179 4087 2405 4147 dixeri..-

190 4188 353 4245 mus,
413 4191 541 4230 cum
569 4193 705 4245 arca
740 4195 771 4232 e
799 4176 953 4233 loco
961 4175 1036 4232 ad
1063 4170 1310 4231 Zionem
1343 4176 1645 4277 proximo,
1685 4193 1799 4251 quo
1829 4182 2000 4229 antea
2027 4172 2405 4245 substitisset,

190 4257 525 4315 solemniter
553 4260 863 4336 procedere
898 4260 1201 4333 inciperet.
1286 4254 1493 4318 Utitur
1523 4262 1691 4318 enim
1700 4257 1954 4316 Davides
1983 4255 2081 4315 Vs.
2112 4259 2169 4315 2.
2206 4259 2404 4333 eadem
2445 4300 2453 4306 -

187 4344 355 4484 plqpe
381 4342 651 4418 formula,
684 4362 805 4429 qua
834 4343 1025 4404 Moses
1059 4347 1215 4405 olim
1228 4349 1322 4404 uti
1353 4352 1751 4486 consueverat,
1779 4343 2233 4419 quotiescunque
2264 4357 2403 4397 area

309 4428 498 4486 salmi.
674 4475 680 4479 ‚
1739 4447 1771 4485 c
