2807 4913
1033 299 1156 367 1²..
1207 293 1329 430 δι,
1383 295 1455 360 3.
1501 294 1568 363 4.
2025 281 2026 286 '
2257 291 2408 372 385

187 480 538 566 significat.
597 480 775 541 Recte
817 479 876 539 h.
913 481 955 540 1.
1003 481 1251 559 Aquila:
1309 473 1380 541 οὗ
1422 470 1818 560 σφαλήσσμαι
1857 470 2118 560 πολλήν.
2199 480 2405 547 Paullo

186 568 371 624 aliter
411 578 605 624 tamen
643 566 1107 625 Alexandrinus·
1163 563 1238 627 οὐ
1273 561 1358 641 μὴ
1402 564 1696 627 σαλευθῶ
1732 561 1833 625 ἐπὶ
1870 558 2122 637 πλεῖον,
2169 577 2230 624 et
2258 568 2402 627 Vul—

178 659 401 729 gatns:
438 669 554 707 non
583 642 855 708 ‘movebor
884 650 1159 728 amplius.
1242 650 1460 710 Sensus
1491 650 1734 726 proinde
1760 649 1877 706 loci
1910 651 2100 708 nostri
2126 653 2242 709 erit
2263 650 2396 713 hic.

180 744 331 791 utut
367 736 567 792 multis
608 717 851 811 impetat
885 735 1193 810 procellis,
1249 747 1384 793 utut
1422 737 1621 793 multis
1657 752 1750 790 me
1791 733 2077 809 pulsibus
2089 732 2285 793 hostes
2325 739 2397 797 ab

183 819 358 893 asylo
406 828 692 876 conentur
738 817 1075 892 detrudere,
1129 837 1252 877 non
1293 830 1489 877 tamen
1533 816 1867 877 dimovebor
1907 818 2186 892 multum,
2257 822 2397 881 lieet

177 904 464 961 vacillare
495 902 692 960 forsan
722 921 995 978 coepero,
1027 922 1149 961 non
1174 911 1363 961 tamen
1394 922 1633 979 prorsus
1668 903 1888 960 cadam.
1967 901 2178 961 Lucem
2210 908 2400 981 capiet

178 984 286 1043 hic
316 989 481 1051 locus
513 1007 589 1045 ex
618 987 707 1043 Ps.
735 990 839 1059 37,
865 989 965 1045 24.
1009 1006 1140 1044 cum
1183 988 1478 1046 ceciderit
1505 992 1670 1067 pius,
1712 1004 1830 1044 non
1859 985 2215 1063 succumbet,
2251 991 2398 1069 quia

174 1068 480 1130 Dominus
521 1080 829 1131 sustentat
865 1091 1097 1130 manum
1136 1072 1291 1146 ejus.
1376 1141 1383 1148 .

355 1242 417 1298 4.
476 1240 734 1333 ἸῆΠἸΠι]
779 1249 1087 1330 mit-¹7³2
1088 1238 1417 1318 Quousque
1458 1238 1888 1313 occlamabitis,
1928 1239 1991 1299 id
2020 1240 2173 1299 enim
2204 1242 2395 1324 signi-

171 1325 359 1384 ficare
405 1307 638 1384 videtur
675 1309 914 1383 νειΙιιῖιιι
959 1337 1088 1388 mn
1141 1324 1252 1384 hoc
1297 1326 1694 1383 tantummodo
1736 1327 1864 1383 loco
1909 1343 2258 1400 occurrens,
2317 1347 2393 1388 ex

167 1412 433 1476 Arabico
473 1418 606 1471 17727
650 1419 710 1467 et
747 1418 878 1471 τἸἸΒἾ
921 1410 1198 1467 clamare.
1280 1411 1400 1467 Alii
1441 1409 1750 1467 conferunt
1780 1409 2088 1484 Arabicum
2127 1404 2255 1472 ἦἸΠ
2295 1412 2392 1469 in-

176 1495 333 1551 tulit
375 1494 618 1566 malum,
660 1502 986 1571 grassatus
1028 1504 1141 1552 est.
1218 1492 1321 1552 Sic
1351 1492 1814 1558 Alexandrinus:
1862 1480 2268 1568 ἐπιτίθεσθε,
2326 1506 2386 1554 et

166 1578 500 1657 Vulgatus:
533 1579 801 1637 irruitis.
843 1576 1163 1637 Potuerant
1190 1588 1381 1636 tamen
1411 1588 1471 1636 et
1499 1579 1591 1635 illi
1616 1579 1850 1636 verbum
1882 1577 2175 1636 clamandi
2203 1581 2393 1658 signi-

167 1663 454 1721 ficatione
494 1681 753 1735 sumere,
810 1672 869 1720 et
908 1665 971 1740 in
1015 1662 1290 1721 vertendo
1333 1664 2005 1736 sensumltantummodo
2035 1664 2391 1740 exprimere,

167 1765 359 1822 quum
393 1747 713 1804 similitudo
744 1748 925 1823 petita
954 1749 1035 1805 sit
1062 1765 1097 1803 a
1126 1749 1374 1804 clamore
1398 1748 1627 1819 bellico,
1670 1765 1784 1823 quo
1822 1747 2150 1805 Orientales
2181 1750 2388 1805 etiam-

172 1849 325 1889 num
358 1835 421 1888 in
450 1850 645 1907 pugna
674 1833 736 1888 in
760 1830 958 1888 hostes
987 1834 1210 1888 irruere
1238 1832 1442 1888 solent.
1485 1830 1653 1899 Quod
1684 1841 1743 1888 et
1763 1829 2077 1887 Chaldaeus
2106 1842 2389 1907 spectasse

168 1914 446 1987 videtur,
507 1913 642 1970 dum
671 1918 850 1972 vertit
881 1916 1164 2005 ruffi-2177:-
1198 1916 1624 1973 tumultuantes
1664 1912 1907 1995 (eritis).
1991 1914 2140 1972 Aliis
2172 1913 2414 1988 tamen,

170 2001 460 2077 quoniam
503 2000 594 2055 illi
629 2000 742 2074 ipsi
770 1981 1019 2057 Davidis
1047 1981 1237 2056 hostes
1265 1999 1361 2055 Vs.
1392 1999 1452 2057 5.
1486 2001 1756 2057 dicuntur
1792 2000 2033 2057 mentiri
2074 2011 2243 2075 atque
2286 2018 2385 2056 ore

169 2086 495 2183 nmjcitiam
526 2084 830 2158 simulare,
884 2086 1077 2141 minus
1113 2093 1278 2159 aptus
1305 2085 1539 2140 videtur
1565 2084 1666 2140 ilie
1692 2082 1986 2139 clamandi
2018 2082 2383 2162 significatus

168 2169 437 2226 sermoni
484 2177 775 2225 contexto.
874 2170 1077 2236 Quare
1105 2167 1344 2225 verbum
1398 2180 1530 2229 mn
1584 2167 1989 2239 explicandum
2033 2177 2269 2224 censent
2307 2180 2384 2225 ex

172 2261 438 2331 cognato
473 2252 644 2308 Arab.
691 2262 851 2325 0³07,
911 2252 1065 2329 quod
1105 2261 1332 2329 praeter
1376 2252 1534 2307 illam
1567 2249 2051 2329 significationem
2090 2250 2386 2310 clamandi

167 2340 243 2396 in
276 2334 437 2408 Conj.
466 2337 522 2391 6.
570 2337 747 2392 etiam
775 2345 944 2394 notat
976 2335 1358 2435 congregari,
1403 2336 1716 2392 convenire
1761 2335 1844 2392 ad
1879 2352 1980 2393 res
2022 2335 2383 2393 concinnan-

168 2423 310 2482 das.
414 2419 516 2479 Sic
555 2420 798 2496 Aquila:
855 2413 1313 2504 ἐπιβουλεύετε,
1380 2428 1441 2480 et
1451 2418 1920 2511 Hieronymus.
1994 2418 2379 2479 insidiamini.

166 2507 384 2566 Aben-
399 2505 548 2562 Esra
589 2515 648 2562 et
688 2505 922 2563 Kimchi
963 2507 1202 2564 verbum
1242 2514 1508 2562 nostrum
1549 2503 1815 2562 referunt
1855 2503 1960 2561 ad
1969 2522 2177 2562 nomen
2219 2507 2394 2565 nili-r

154 2591 556 2677 pravitates,
598 2591 859 2670 illudque
891 2593 1218 2667 explicant·
1268 2590 1623 2668 pravitates
1666 2589 1973 2664 cogitatis.
2058 2588 2225 2656 Quod
2260 2590 2382 2662 J‘am

164 2672 558 2752 Symmachus
601 2677 914 2750 expressit.
961 2671 1497 2755 ματαιοπονήσετε.
1582 2671 1771 2749 Syrus
1812 2690 2040 2729 sensum
2088 2680 2385 2748 utcunque

167 2761 496 2835 expressit·
512 2760 866 2839 pugnatis,
909 2761 1219 2818 rixamini.
1303 2764 1493 2820 ww·
1509 2752 1588 2836 ἒξ
1631 2755 1861 2825 Contra
1902 2756 2130 2828 virum,
2176 2774 2256 2813 sc.
2288 2757 2383 2813 in-

164 2863 462 2914 nocuum,
512 2853 710 2932 ἾὋΠ,
747 2846 900 2922 quod
927 2842 1248 2903 Chaldaeus
1285 2839 1771 2933 addit-7172&
1804 2838 2218 2918 Frangemini,
2262 2841 2380 2898 vid.

171 2929 249 2986 de
287 2938 437 3016 ηιξ-ι
469 2927 543 2984 ad
574 2912 795 3001 42‚11.
879 2931 1064 3004 Atque
1098 2932 1184 2986 sic
1214 2930 1443 3005 passive
1474 2928 1540 2984 in
1568 2908 1722 3001 Pyal
1749 2935 1978 3009 ἸΠΕἾΠ
2016 2926 2160 3005 legit
2194 2924 2382 2981 Rabbi

112 3056 119 3063 .
165 2995 437 3084 Aaron,
475 3011 656 3070 Mosis
702 3013 781 3069 fil.
827 3032 859 3069 e
911 3014 1072 3071 tribu
1111 3013 1373 3086 Ascher,
1448 3013 1550 3089 qui
1591 3008 1806 3066 floruit
1843 2993 1923 3066 i‘n
1955 2984 2173 3067 Iudaea
2221 3026 2379 3065 anno

166 3118 228 3174 p.
264 3094 333 3151 C.
368 3115 425 3151 ιι.
466 3097 640 3151 1037.
659 3138 677 3169 ,
741 3116 905 3173 quem
948 3108 1268 3173 sequuntur
1310 3097 1517 3156 Judaei
1563 3095 1967 3155 occidentales.
2051 3093 2379 3152 Orientales

163 3200 312 3238 vero
339 3179 577 3253 ludaei,
618 3191 755 3256 post
779 3178 910 3239 Ben
927 3179 1302 3261 -Naplethali
1345 3179 1569 3261 (quiin
1596 3178 1917 3255 Babylonia
1947 3177 2150 3236 floruit
2178 3174 2416 3234 eodemss

163 3261 291 3324 fere
321 3283 434 3342 quo
461 3262 536 3322 Β.
559 3264 786 3323 Ascher
815 3263 1118 3366 tempore),
1160 3269 1366 3346 legun't
1393 3274 1617 3357 angnia
1634 3305 1652 3334 ‚
1694 3265 1882 3319 active
1913 3264 1976 3319 in
2007 3261 2154 3334 Piel,
2179 3258 2380 3333 fran-

160 3350 360 3430 gitis,
401 3367 446 3406 s.
466 3347 791 3428 infringere
824 3351 1134 3409 conamini.
1217 3353 1405 3420 Quam
1438 3328 1745 3405 lectionem
1776 3348 2119 3420 interpretes
2152 3357 2376 3407 veteres

166 3452 368 3491 omnes
398 3435 754 3509 exprimunt.
841 3431 1021 3526 12:⁷32?
1058 3432 1177 3491 Vos
1215 3444 1409 3492 omnes
1448 3432 1562 3490 mei
1589 3431 1938 3491 adversarii.
2023 3438 2167 3516 ἠυξ
2206 3438 2280 3490 ·Ἰ“
2285 3438 2376 3521 pta

160 3527 419 3580 ”·“ἸΠἸΠ
475 3527 589 3602 *¹⁸3³
649 3508 867 3587 Quasi
885 3502 1100 3597 paries
1142 3519 1505 3589 inclinatus,
1576 3516 1744 3590 quasi
1790 3514 2051 3587 materia
2096 3492 2379 3575 convulsa

162 3585 268 3679 (de
301 3612 438 3663 rna
479 3603 595 3658 vid.
628 3601 699 3658 ad
737 3601 840 3676 35
858 3602 980 3678 5.),
1026 3601 1081 3659 1ι.
1113 3623 1163 3662 e.
1194 3605 1355 3661 brevi
1386 3601 1660 3659 facillime
1683 3596 2106 3674 frangemini,
2157 3615 2203 3655 s.
2232 3615 2378 3655 con-

162 3669 410 3759 cidetis,
466 3685 618 3745 haud
661 3687 832 3744 aliter
870 3706 938 3745 ac
975 3689 1164 3763 paries
1208 3688 1561 3757 dissolutus,
1627 3685 1724 3741 vel
1767 3684 2017 3741 maceria
2059 3689 2239 3741 vento
2276 3690 2380 3739 aut

161 3781 455 3829 vetustate
496 3780 765 3847 quassata
805 3782 862 3828 et
899 3773 1134 3846 J‘amJam
1174 3773 1424 3832 ruitura.
1507 3767 1602 3826 lta
1644 3769 1713 3825 de
1752 3766 2015 3830 hostibus
2058 3773 2379 3843 exponunt,

164 3857 269 3932 qui
306 3858 530 3931 passive
567 3857 911 3932 praecedens
941 3856 1175 3914 verbum
1209 3857 1520 3956 succipiunt.
1606 3853 1721 3921 Qui
1752 3871 1892 3918 vero
1921 3852 2107 3917 active
2137 3854 2378 3928 legunt.

159 3939 550 4016 infringitis,
602 3944 649 3998 ιι.
679 3940 1000 4018 infringere
1029 3942 1356 4011 conamini,
1408 3938 1453 3995 ii
1487 3936 1773 3996 Davidem
1801 3935 2043 4014 parieti
2084 3934 2377 3993 inclinato

161 4023 423 4082 conferri
456 4034 698 4102 putant,
742 4026 891 4102 quod
923 4026 1010 4082 ita
1038 4036 1189 4087 esset
1219 4022 1553 4082 debilitatus
1577 4032 1753 4100 atque
1780 4019 2063 4091 afflictus,
2105 4027 2173 4077 ut
2193 4017 2382 4076 levis·
2479 4035 2486 4044 ·

159 4110 316 4164 simo
371 4121 660 4167 momento
698 4110 1027 4185 impulsus
1055 4127 1328 4167 corruere
1385 4116 1561 4183 atque
1605 4107 1805 4165 exitio
1849 4104 2208 4180 propinquus
2256 4118 2382 4158 esse
2427 4182 2433 4188 .

156 4193 450 4251 videatur.
534 4192 687 4251 Tum
725 4192 1066 4253 vertendum
1099 4195 1247 4252 erit.
1293 4193 1459 4257 siout
1488 4191 1793 4270 parietem
1833 4187 2225 4261 inclinatum,
2285 4186 2381 4243 vel
2433 4188 2434 4191 ’

157 4274 550 4334 construenda
586 4276 728 4335 haec
757 4288 929 4336 erunt
960 4298 1090 4335 cum
1132 4278 1301 4358 αὗθις,
1343 4273 1655 4336 subaudito
1683 4275 1961 4337 relativo:
2004 4273 2240 4346 virum,
2282 4259 2383 4346 qui

155 4371 248 4418 est
297 4370 592 4438 tamquam
623 4364 838 4441 paries
878 4362 1209 4421 inclinatus
1253 4372 1366 4422 etc.

202 4444 483 4505 Psalmi.
1230 4522 1243 4533 .
1669 4441 1717 4501 B
1752 4442 1788 4501 b
