2807 4913
1055 284 1180 351 Ρ..
1227 279 1349 366 42,
1409 278 1475 345 8.
1516 301 1586 371 9.
1988 333 1993 340 .
2265 250 2425 360 285

209 467 548 522 immensam
585 482 756 541 super
785 482 848 524 se
882 464 1179 524 demisisse
1221 466 1341 526 vim
1376 483 1657 543 aquarum
1676 507 1697 542 ,
1751 483 1899 545 qnae
1937 465 2026 525 sic
2066 475 2422 543 aestuarent,

207 548 602 624 fluctibusque
634 560 1049 636 tempestuosae
1078 560 1302 624 essent,
1358 561 1428 608 ut
1455 569 1563 608 nec
1593 554 1733 613 navi
1759 552 2013 618 evadere
2033 552 2169 611 illas
2200 552 2420 612 liceret.

207 631 456 721 7³³7&
483 629 635 717 ἔφ’)
677 651 870 711 propr.
899 636 983 692 ad
1017 653 1214 693 vocem
1255 633 1531 694 tuborum
1566 638 1661 694 vel
1686 638 2132 696 emissariorum
2164 645 2420 695 tuorum.

208 722 374 779 ὟἸΞΞ
420 727 510 775 est
541 669 751 792 tubus,
792 721 1061 793 canalis,
1117 739 1222 797 per
1256 739 1425 799 quem
1465 738 1616 796 aqua
1658 724 1722 780 in
1761 723 1979 781 declive
2013 721 2237 794 fertur,
2276 733 2419 799 puta

209 821 285 859 ex
317 812 549 902 monte,
590 804 684 860 vel
714 822 789 861 ex
816 814 1008 878 tecto,
1055 815 1122 862 ut
1155 805 1373 865 2Sam.
1409 803 1472 876 5,
1503 805 1563 864 8.
1584 845 1604 879 ,
1645 818 1939 881 praeterea
1969 804 2114 863 haec
2141 824 2263 864 vox
2296 821 2419 864 non

211 887 472 945 occurrit
517 888 582 944 in
622 883 687 943 V.
721 886 809 948 Τ.
880 888 996 948 Sed
1036 888 1340 949 Chaldaeis
1384 889 1490 946 illa
1530 891 1959 968 significatione
2004 892 2153 948 satis
2196 892 2420 950 usitata

209 981 319 1028 est.
403 969 683 1047 Respexit
709 981 872 1030 vates
904 973 1057 1033 haud
1091 972 1262 1033 dubie
1297 992 1477 1050 aquas
1511 975 1824 1050 pluviales,
1869 992 2017 1051 quae
2045 994 2259 1053 magno
2287 992 2419 1033 cum

209 1055 455 1132 strepitu
490 1075 590 1131 per
625 1055 871 1116 declivia
910 1062 1405 1136 praecipitantur,
1443 1060 1767 1136 multasque
1808 1069 1867 1117 et
1905 1060 2001 1117 bic
2036 1069 2097 1117 et
2134 1059 2256 1117 illic
2294 1058 2418 1117 effi·-

212 1141 380 1196 ciunt
419 1140 740 1199 eluviones.
821 1140 979 1200 Hinc
1018 1163 1138 1203 non
1178 1144 1327 1201 male
1358 1143 1787 1201 Alexandrinus
1828 1139 1954 1205 τῶν
1986 1142 2421 1227 καταῤῥακτῶν

211 1247 363 1296 σου,
406 1233 464 1282 et
495 1223 778 1304 Vulgatus
820 1226 1351 1286 catarrhactas-um
1396 1235 1673 1303 tuarum,
1707 1231 1923 1306 posuit.
2007 1227 2419 1288 Catarrhactaa

207 1310 364 1366 enim
398 1309 462 1366 in
495 1306 831 1369 fluminibus
862 1315 956 1370 vel
990 1313 1439 1390 aquaeductibus
1482 1314 1611 1369 loca
1654 1324 1828 1387 sunt,
1882 1312 1984 1371 ubi
2024 1331 2207 1389 aquae
2249 1332 2419 1389 prae·-

210 1396 417 1469 cipites
460 1405 660 1454 ruunt.
750 1395 863 1453 Per
906 1393 1052 1480 ὶῆρ,
1094 1415 1326 1471 rocem,
1370 1395 1429 1455 h.
1462 1396 1502 1453 l.
1546 1397 1644 1454 ille
1680 1416 1957 1475 aquarum
1988 1416 2092 1474 per
2129 1399 2414 1456 montium

213 1476 461 1536 declivia
518 1499 641 1538 sese
694 1483 1197 1558 praecipitantium
1250 1480 1453 1562 fragor
1505 1481 1920 1561 intelligendus
1977 1492 2088 1541 est.
2190 1479 2417 1540 Nomen

210 1573 402 1649 ''³:sz
429 1560 701 1638 fractio,
745 1568 806 1621 in
843 1565 1061 1624 Plurali
1096 1567 1379 1643 accipitur
1412 1564 1481 1622 de
1505 1567 1796 1644 fluctibus
1827 1585 1889 1622 se
1916 1577 2119 1624 mutuo
2151 1566 2416 1624 confrin-

209 1628 519 1728 gentibus,
574 1652 667 1707 vel
708 1669 853 1726 quae
887 1650 1243 1731 franguntur
1286 1668 1324 1709 a
1362 1651 1540 1709 litore
1583 1649 1799 1709 2Sam.
1828 1651 1945 1724 22,
1973 1650 2032 1710 5.
2073 1643 2173 1708 Pi.
2202 1651 2320 1723 88,
2351 1652 2412 1708 8.

208 1735 316 1805 93,
348 1733 407 1788 4·
492 1741 648 1824 ³⁸³3?
691 1732 799 1800 ³2³9
842 1732 1041 1815 Super
1082 1754 1170 1793 me
1214 1738 1631 1807 transierunt,
1683 1735 1740 1793 h.
1768 1757 1817 1794 e.
1851 1737 2315 1806 inundaverunt,
2355 1743 2416 1792 et

165 1815 176 1818 ἡ
206 1828 486 1894 tanquam
517 1837 622 1876 suo
625 1802 869 1896 impetu
901 1831 1224 1898 correptum
1254 1819 1668 1893 demerserunt,
1715 1830 1805 1878 est
1833 1822 1987 1878 enim
2016 1819 2255 1879 verbum
2283 1829 2414 1881 *¹29

205 1904 444 1981 proprie
475 1923 786 1981 aquarum,
828 1907 1047 1979 impetu
1079 1905 1487 1980 defluentium,
1538 1916 1597 1963 et
1634 1907 1867 1965 obvium
1901 1906 2151 1984 quidque
2176 1887 2418 1981 rapien—

209 1990 379 2047 tium.
448 1986 579 2046 Vid.
620 1991 758 2062 124,
787 1994 850 2047 4.
895 1989 1024 2049 Jon.
1056 1993 1119 2064 2,
1150 1993 1209 2049 4.

380 2072 443 2132 9.
499 2072 860 2134 Felicitatem
899 2086 1090 2135 autem
1129 2075 1461 2154 pristinam,
1502 2075 1635 2133 dum
1661 2076 1910 2134 collecto
1943 2074 2017 2133 ad
2046 2093 2109 2133 se
2137 2076 2415 2133 universo

209 2161 426 2236 populo
469 2159 618 2216 festa
655 2158 781 2218 Deo
820 2163 1168 2233 celebraret,
1225 2165 1461 2236 ejusque
1494 2159 1690 2218 laudes
1722 2171 1982 2234 caneret,
2035 2158 2198 2218 hisce
2220 2162 2416 2218 verbis

207 2245 467 2302 indicat.
512 2246 673 2305 weffl
717 2248 880 2305 πῆπῆ
919 2255 1084 2326 ΓιῖιεἾ
1123 2249 1269 2308 0⁷:³³
1304 2242 1586 2303 Interdiu
1617 2242 1935 2304 mandabat
1957 2245 2113 2304 Jova
2146 2241 2416 2321 benigni·

161 2398 168 2402 ι
206 2338 400 2386 tatem
438 2324 626 2400 suam,
672 2314 993 2409 ablegabat
990 2310 1084 2389 ad
1108 2351 1199 2388 me
1228 2341 1500 2407 tanquam
1529 2329 1821 2403 famulam,
1870 2331 2034 2388 illam
2065 2327 2211 2386 mihi
2244 2347 2415 2405 pras-

206 2414 438 2489 stabat,
479 2413 721 2472 curabat
754 2417 915 2475 illam
952 2414 1096 2474 mihi
1133 2416 1403 2474 obvenire
1446 2413 1549 2490 (cf.
1587 2415 1729 2489 133,
1761 2417 1866 2494 3.).
1951 2411 2126 2477 375³&
2170 2407 2410 2479 nb³⁷³na

207 2512 329 2580 Ἓξ
363 2499 450 2558 Et
491 2509 671 2557 noctu
713 2502 1015 2558 canticum
1068 2500 1199 2574 ejus
1253 2518 1473 2558 mecum
1523 2511 1683 2574 erat,
1742 2509 1924 2559 noctu
1966 2502 2142 2558 etiam
2187 2481 2291 2556 ab
2305 2482 2410 2557 illo

206 2602 386 2642 causa
417 2583 561 2655 mihi
596 2586 1066 2661 suppeditabatur
1098 2574 1424 2644 celebran'di
1462 2587 1649 2685 ipsum
1684 2587 1927 2643 canticis
1957 2586 2118 2642 meis.
2190 2581 2413 2642 Sensus

207 2677 332 2726 est.
398 2670 554 2728 Olim
596 2666 743 2727 Jova
780 2670 924 2727 mihi
960 2674 1238 2729 continuo
1281 2667 1369 2748 (id
1401 2673 1552 2726 enim
1584 2669 1950 2749 significatur
1977 2668 2262 2726 formula:
2304 2667 2411 2726 diu

177 2749 523 2833 meamque)
571 2773 675 2829 ope
707 2772 811 2810 sua
841 2755 1062 2828 adfuit,
1113 2774 1268 2813 nunc
1299 2754 1559 2832 quotidie
1587 2752 1731 2811 mihi
1758 2773 1914 2812 nova
1947 2753 2223 2830 quaedam
2251 2753 2411 2810 cala-

205 2841 402 2911 mitas,
439 2838 577 2895 hinc
615 2851 726 2899 ³³15
773 2834 894 2919 ²:23²³
933 2797 1114 2930 Πξεζτ-ι
1151 2841 1435 2918 precatio
1474 2837 1556 2895 ad
1584 2836 1772 2896 Deum
1803 2839 1968 2895 vitae
1996 2855 2177 2911 meae,
2217 2839 2411 2895 orat'ro
2516 2880 2523 2891 .

203 2942 336 2981 mea
361 2922 583 2995 Deum,
624 2904 919 2982 auctorem
960 2905 1118 2981 vitae
1153 2943 1345 2989 meae,
1387 2924 1671 2982 sollicitat
1700 2940 1889 2996 nuuc,
1930 2935 1998 2980 ut
2022 2923 2165 2980 velit
2192 2922 2412 2998 pariter

203 3026 330 3065 esse
368 3009 520 3081 ejus
533 3016 812 3066 servator.
893 3008 1011 3066 Pro
1051 3019 1163 3070 ’ΝΠ
1202 3009 1367 3065 vitae
1407 3025 1601 3079 meae,
1659 3007 1884 3065 codices
1923 3007 2194 3064 nonnulli
2231 3021 2410 3063 manu

203 3094 468 3167 exarati,
513 3109 618 3148 nec
660 3111 778 3149 non
814 3092 1063 3169 Syrus,
1084 3073 1358 3151 exhibent
1391 3105 1500 3182 ³17,
1555 3101 1623 3148 ut
1651 3101 1709 3148 et
1736 3110 1910 3168 supra
1937 3091 2033 3148 Vs.
2060 3091 2122 3147 3.
2165 3102 2240 3152 ’π
2285 3083 2408 3152 Βξύ

200 3179 441 3257 legitur.
528 3175 643 3235 Sed
672 3175 805 3232 huic
836 3177 1045 3235 Versui
1082 3180 1265 3235 multo
1306 3160 1497 3254 aptior
1537 3186 1625 3234 est
1661 3177 1833 3233 lectio
1876 3174 2134 3253 vulgata.
2208 3154 2410 3242 'Quum

203 3264 362 3319 enim
386 3258 580 3317 Deum
612 3261 873 3336 precibus
904 3264 1026 3318 suis
1053 3264 1500 3320 sollicitaturum
1530 3261 1721 3332 dicat,
1760 3277 1899 3318 sane
1926 3275 2198 3337 perquam
2224 3269 2410 3334 appo-

200 3349 319 3403 site
347 3343 538 3403 Deum
575 3347 737 3403 vitae
776 3363 920 3402 suae
960 3348 1127 3405 illum
1155 3349 1425 3422 appellat,
1470 3345 1581 3402 hoc
1605 3355 1715 3415 est,
1749 3345 1846 3401 cui
1873 3346 1987 3402 soli
2013 3361 2175 3402 suam
2206 3339 2411 3399 debeat

200 3433 387 3490 vitam
419 3439 478 3486 et
509 3427 971 3505 prosperitatem,
1010 3441 1131 3489 tam
1163 3441 1230 3487 ut
1260 3432 1472 3503 datori,
1491 3486 1495 3497 ,
1514 3448 1684 3505 quam
1716 3438 1783 3485 ut
1810 3429 2119 3486 servatori.
2189 3426 2409 3486 Eadem

200 3516 434 3574 ratione
462 3511 716 3571 Davides
745 3515 848 3586 24,
877 3517 933 3576 5.
963 3513 1148 3573 Deum
1176 3524 1347 3574 vocat
1371 3514 1564 3571 Deum
1593 3512 1811 3570 salutis
1844 3529 2029 3586 suae,·
2066 3511 2139 3569 cf.
2166 3512 2250 3570 ibi
2279 3520 2405 3569 not.

199 3599 553 3671 interpretes
583 3608 807 3655 tantum
839 3618 959 3656 non
985 3618 1181 3657 omnes
1209 3598 1364 3657 hunc
1394 3599 1633 3657 Versum
1664 3599 1729 3653 in
1756 3592 2006 3667 Futuro,
2024 3593 2295 3669 reddunt,
2325 3602 2409 3651 'ut

201 3700 407 3743 sensus
445 3693 814 3741 enasceretur
844 3682 972 3743 hic·
1030 3704 1228 3761 spero,
1277 3684 1481 3741 Jovam
1522 3680 1787 3757 deinceps
1832 3683 2111 3738 continuo
2152 3699 2260 3758 ope
2299 3695 2408 3737 sua

200 3766 351 3828 mihi
381 3766 695 3825 affuturum
727 3787 868 3825 esse.
950 3768 1116 3827 Illam
1147 3779 1374 3840 tamen,
1421 3786 1592 3844 quam
1620 3785 1728 3823 nos
1771 3765 2067 3838 dedimus,
2121 3766 2409 3843 interpre-

197 3852 507 3923 tationem,
550 3869 833 3929 quamque
861 3854 1080 3930 primus
1111 3852 1317 3911 Aben-
1333 3852 1483 3910 Esra
1513 3852 1846 3928 proposuit,
1885 3848 2155 3930 flagitare
2176 3847 2410 3906 videtur

111 3947 124 3961 ¹
199 3945 366 3995 totus
412 3936 698 3992 orationis
738 3948 938 4009 tenor,
990 3939 1324 4015 praesertim
1353 3937 1522 4011 hujus
1560 3936 1769 3993 Versus
1803 3936 2120 3992 conclusio.
2205 3929 2406 4006 Neque

197 4021 400 4079 obstat
425 4018 561 4076 huic
590 4021 1012 4098 interpretandi
1039 4023 1280 4093 rationi,
1322 4023 1477 4099 quod
1508 4032 1710 4108 rra-2³,
1751 4021 1991 4092 propria
2016 4014 2248 4074 Fatum·
2280 4014 2407 4075 for-

194 4123 329 4175 ma,
372 4113 461 4160 est
485 4105 705 4179 posita,
747 4124 922 4183 quum
949 4104 1094 4164 satis
1122 4115 1377 4178 constet,
1418 4123 1588 4181 quam
1616 4099 1823 4204 parum
1851 4111 2122 4159 accurate
2151 4098 2409 4159 Hebraei

190 4189 541 4267 praesertim
567 4201 789 4265 poetae,
825 4201 885 4246 et
914 4191 1027 4268 ipsi
1058 4192 1229 4248 etiam
1261 4189 1566 4261 historici,
1612 4191 1678 4246 in
1710 4186 2059 4259 usurpandis
2086 4195 2409 4263 temporum

186 4274 400 4332 formis
424 4272 650 4330 versari
676 4274 917 4334 soleant.
986 4274 1266 4354 Exempla
1291 4276 1464 4354 plura
1495 4272 1670 4351 habes
1698 4273 1805 4351 44,
1834 4272 2005 4330 3.10
2022 4302 2101 4316 -
2124 4271 2222 4331 15.
2273 4269 2405 4328 Vid

180 4369 243 4419 et
283 4356 401 4418 Ex·
441 4356 559 4434 33,
596 4363 658 4420 7
1950 4406 1953 4415 .
