2807 4913
1026 203 1032 214 Ι
1121 254 1237 320 Pe.
1281 243 1401 336 68,
1452 268 1519 317 2.
1827 191 1834 204 ‘
2258 213 2426 353 Ι(401

217 439 492 498 conficiat
520 437 716 497 hostes
745 455 917 511 suos,
963 436 1064 514 qui
1095 443 1235 493 sunt
1261 431 1459 495 hostes
1488 434 1691 512 populi
1716 434 1845 508 sui,
1882 443 1944 494 et
1968 413 2083 513 qua
2110 436 2434 529 benefaciat

218 527 364 582 suis.
448 524 769 599 Utramque
802 520 1059 580 ostendit
1089 542 1164 579 ex
1199 522 1567 596 antiquitate,
1611 520 1870 597 repetitis
1897 526 2173 599 exemplis
2208 544 2448 602 eornm,

100 669 107 670 ff
216 628 366 685 quae
399 608 547 666 Jova
573 608 836 686 patribus
868 606 1230 680 praestiterit
1258 603 1673 681 occupantibus
1702 613 1917 663 terram
1945 603 2329 684 Cananaeam,
2369 621 2431 670 et

210 696 582 780 μιμητικῶς,
646 693 925 768 valdeque
976 693 1201 767 poetice
1252 684 1632 769 ἠθοποιΐαν
1660 690 1839 764 prisci
1873 691 2112 767 epinicii
2153 693 2432 754 informat

212 775 338 851 (Vs.
375 781 403 835 l
426 774 675 855 —15.).
758 775 992 834 Deinde
1053 774 1379 833 celebratur
1425 773 1746 852 singularis
1799 777 2241 855 praerogativa,
2311 797 2428 857 qua

209 861 372 921 Deus
404 872 657 920 montem
686 861 965 934 Zionem,
1010 871 1080 918 ut
1105 861 1296 918 sedem
1330 878 1494 930 suam
1526 861 1781 937 elegerat
1815 854 1923 936 (16
1944 892 2014 903 -
2043 858 2187 940 19..)
2272 863 2429 923 Τιιιιι

200 957 538 1023 sequuntur
583 964 781 1022 preces
835 965 942 1021 pro
986 945 1353 1021 impetrando
1399 945 1623 1001 auxilio
1666 943 1868 1002 divino
1911 945 2187 1004 adversus
2228 945 2429 1008 hostes

210 1033 400 1089 adhuc
432 1031 795 1089 debellandos
827 1024 1204 1107 (αθ-31..)
1268 1027 1530 1087 Tandem
1564 1029 1899 1085 excitantur
1928 1048 2123 1115 omnes
2153 1037 2428 1092 mortales

207 1117 282 1173 ad
324 1125 554 1191 tantam
595 1116 763 1189 hujus
803 1112 925 1172 Dei
956 1116 1316 1190 majestatem
1353 1110 1780 1192 agnoscendam
1815 1122 1874 1171 et
1902 1126 2234 1176 reverenter
2268 1120 2429 1177 cele-

206 1187 490 1259 branciam
527 1201 726 1277 (32-
746 1198 898 1273 36..)

378 1302 539 1361 Satis
578 1302 896 1378 probabilis
935 1310 1025 1360 est
1059 1301 1442 1378 interpretum
1477 1300 1861 1377 complurium
1894 1301 2259 1377 conjectura,
2312 1302 2428 1364 hoc
2514 1359 2521 1369 ,

205 1405 443 1445 carmen
486 1405 523 1445 a
559 1385 788 1445 Davide
827 1388 1209 1463 compositum
1247 1404 1371 1442 esse
1406 1403 1480 1442 ex
1514 1386 1818 1442 occasione
1848 1384 2006 1442 illius
2034 1388 2428 1461 solennitatis,

204 1490 323 1549 qua
379 1490 520 1529 arca
569 1490 736 1529 sacra
783 1490 858 1528 ex
904 1472 1144 1546 aedibus
1195 1470 1549 1529 Obededomi
1600 1471 1664 1527 in
1713 1487 1904 1550 arcem
1947 1469 2305 1530 Zioniticam
2349 1475 2425 1534 ad

128 1609 145 1616 κ
205 1559 399 1613 locum
455 1558 513 1613 ei
555 1565 823 1633 paratum
866 1540 1288 1614 transferretur
1329 1556 1400 1630 (2
1421 1554 1579 1613 Sam.
1612 1556 1684 1627 6,
1719 1555 1815 1612 12.
1855 1571 2003 1631 sqq.
2051 1553 2237 1613 ichr.
2269 1557 2421 1634 15..)

208 1639 331 1697 Alii
361 1660 594 1698 carmen
629 1642 694 1697 in
724 1655 892 1698 aroae
922 1658 1122 1697 sacrae
1154 1641 1345 1697 reditu
1381 1659 1413 1696 e
1443 1640 1594 1696 bello
1622 1638 1869 1696 feliciter
1896 1650 2061 1717 gesto
2094 1641 2158 1696 in
2187 1642 2427 1702 solenni

208 1743 417 1800 pompa
451 1727 513 1781 in
543 1726 944 1783 sanctuarium
974 1725 1247 1783 reductae
1278 1724 1648 1781 decantatum
1680 1724 2036 1781 existimant.
2116 1725 2266 1782 Ante
2294 1725 2424 1785 Da-

207 1808 399 1866 videm
437 1828 665 1867 carmen
697 1828 816 1866 non
849 1828 973 1865 esse
1004 1807 1256 1881 factum,
1299 1810 1499 1888 arguit
1527 1809 1848 1865 sanctuarii
1881 1809 1945 1864 in
1970 1807 2114 1865 urbe
2139 1807 2425 1870 Hieroso-

206 1892 494 1967 lymitana
525 1896 743 1951 mentio
773 1892 869 1950 Vs'.
896 1895 998 1951 30.
1083 1893 1284 1969 Neque
1309 1911 1451 1950 vero
1478 1901 1610 1968 post
1639 1892 1830 1949 decem
1857 1893 2115 1949 tribuum
2143 1893 2422 1954 defectio-

207 1995 340 2033 nem
374 1981 754 2055 compositum
786 1986 910 2050 est,
970 1997 1145 2054 quum
1177 1979 1365 2036 tribus
1398 1970 1555 2035 Juda
1585 1986 1647 2033 et
1674 1975 1977 2048 Benjamin
2005 1996 2136 2034 cum
2162 1976 2424 2039 Sebulon

205 2069 269 2117 et
302 2061 576 2138 Naphtali
609 2064 846 2136 junctae
877 2062 977 2120 Vs.
1007 2064 1110 2121 28.
1151 2071 1691 2120 commemorentur.
1774 2057 1950 2118 Haud
1986 2061 2161 2136 plane
2203 2065 2427 2142 impro-

202 2145 416 2202 babilis
446 2166 646 2205 eorum
674 2149 998 2218 sententia,
1046 2150 1148 2224 qui
1175 2158 1308 2248 post
1341 2148 1557 2204 bellum
1590 2164 1626 2201 a
1640 2143 1881 2204 Davide
1913 2143 2161 2204 feliciter
2190 2158 2424 2226 gestum
2530 2149 2538 2158 ’

202 2240 414 2289 contra
456 2230 643 2308 Syros
684 2234 943 2309 aliosque
981 2250 1111 2289 cum
1151 2234 1226 2289 iis
1261 2233 1498 2305 junctos
1540 2222 1785 2305 populos
1827 2228 2064 2311 (2Sam.
2094 2231 2156 2303 8,
2186 2234 2243 2290 5.
2271 2229 2421 2313 sqq.)

104 2307 107 2316 '
201 2332 437 2372 carmen
480 2316 696 2373 factum
741 2326 966 2392 putant.
1021 2348 1109 2361 —-
1163 2315 1473 2373 Peculiari
1496 2311 1806 2373 Dissertat.
1848 2323 2080 2390 praeter
2120 2317 2267 2374 alios
2307 2316 2424 2377 hoc

202 2417 437 2458 carmen
467 2401 792 2460 illustravit
825 2399 889 2459 C.
918 2400 987 2460 F.
1015 2381 1447 2460 ScuNuaana’
1429 2418 1495 2473 ιιι
1520 2397 1894 2460 Dissertatt.
1920 2397 2205 2480 philolog.
2246 2403 2419 2464 crin.

200 2483 415 2562 (Goth.
456 2483 668 2562 1790.)
709 2505 765 2562 p
793 2488 935 2548 285.
966 2506 1097 2565 sqq.
1177 2537 1182 2542 .

278 2600 283 2605 '
375 2588 531 2656 Quia
564 2590 810 2664 epistola
842 2590 914 2646 ad
944 2576 1237 2665 Ephesios
1267 2584 1355 2661 (4,
1383 2583 1473 2662 8.)
1503 2584 1751 2651 Versum
1778 2583 1954 2661 hujus
1983 2583 2203 2646 Psalmi
2233 2607 2417 2649 unum

164 2668 366 2748 (19)
411 2675 828 2749 interpretatur
875 2673 943 2729 de
984 2672 1206 2731 Christi
1253 2673 1537 2744 victoria,
1608 2689 1724 2748 qua
1767 2691 1800 2729 e
1842 2680 2030 2729 morte
2072 2677 2416 2749 resurrexit,

198 2759 435 2832 ejusque
467 2761 804 2817 ascensione
836 2759 901 2815 in
928 2761 1173 2831 coelum,
1216 2758 1345 2814 ideo
1378 2759 1574 2833 plures
1604 2766 1793 2814 totum
1825 2755 2213 2815 Psalmum‘de
2244 2757 2417 2817 Chri-

198 2852 316 2913 sto,
360 2841 608 2899 historia
637 2853 694 2899 et
724 2861 908 2922 regno
939 2845 1064 2917 ejus
1093 2845 1575 2919 interpretantur,
1613 2841 1673 2897 id
1702 2841 1858 2919 quod
1888 2840 2415 2902 detortissimarum

198 2929 746 3003 interpretationum
793 2936 1026 2985 causam
1076 2925 1284 2986 afferre
1329 2928 1547 2985 debuit.
1635 2925 1950 2983 Verissime
1994 2945 2135 2984 vero
2183 2930 2417 2987 monuit

197 3010 693 3081 SannaREaus,
738 3012 985 3093 pendere
1009 3015 1128 3069 vim
1160 3010 1384 3070 omnem
1416 3012 1973 3091 argumentationis,
2020 3027 2137 3090 qua
2164 3013 2417 3088 Aposto-

193 3099 290 3154 lus
336 3099 464 3153 loco
511 3098 613 3153 illo
663 3100 881 3169 utitur,
936 3115 974 3153 a
1008 3097 1230 3154 Graeca
1259 3100 1556 3168 versione,
1613 3114 1726 3173 qua
1760 3094 1943 3153 Paulo
1971 3096 2162 3154 locum
2191 3095 2413 3159 Psalmi

195 3177 333 3260 (Vs.
358 3177 481 3256 19.)
512 3180 751 3238 reddere
776 3184 966 3240 visum
997 3193 1102 3239 est.
1170 3181 1240 3239 In
1269 3200 1381 3257 qua
1412 3201 1589 3259 quum
1617 3180 1802 3238 verba
1825 3180 1924 3240 καὶ
1953 3175 2139 3242 ἔδωκε
2168 3173 2412 3258 δόματα

195 3273 327 3334 τοῖς
368 3253 763 3346 ἇνθριᾷποις,
816 3268 1087 3324 recedant
1116 3267 1283 3362 plane
1312 3285 1454 3324 vero
1489 3276 1549 3324 et
1582 3266 1756 3324 obvio
1792 3283 1966 3322 sensu
1997 3265 2281 3325 formulae
2305 3266 2411 3326 he·
2462 3332 2468 3345 ,

142 3372 155 3383 ¹
195 3351 462 3422 braicae,
523 3359 692 3440 mm:-
733 3357 942 3437 nimy:
982 3349 1200 3436 anb,
1256 3369 1369 3426 qua
1403 3350 1562 3408 Deus
1597 3359 1865 3426 acceptor
1896 3369 2229 3422 munerum,
2284 3370 2408 3411 non

169 3444 400 3492 ·auctor
427 3417 692 3504 dicitur-3
728 3416 892 3495 haud
912 3385 1221 3513 difficulter
1254 3437 1634 3514 intelligitur,
1687 3454 1807 3492 non
1840 3433 1914 3491 ad
1943 3435 2305 3510 probandum
2333 3438 2407 3495 ab

190 3520 474 3620 Apostoloo
512 3534 851 3598 usurpatum
884 3540 1008 3578 esse
1034 3504 1253 3577 Psalmi
1283 3522 1664 3594 sententiam,
1705 3519 1805 3578 sed
1835 3519 1909 3578 ad
1936 3537 2061 3576 rem
2084 3521 2292 3596 aliam,
2337 3522 2408 3581 de

190 3620 310 3681 qua
340 3606 453 3680 ipsi
482 3623 672 3666 sermo
702 3617 849 3681 erat,
892 3603 1292 3664 tantummodo
1323 3596 1830 3667 accommodatam.
2486 3608 2496 3617 '

362 3747 422 3802 2.
478 3743 642 3803 Scita
671 3756 761 3803 est
796 3745 1200 3805 ScuNuaanm
1236 3744 1587 3819 observatio,
1624 3744 1918 3804 Psalmum
1949 3746 2035 3803 ita
2066 3732 2406 3803 videri‘dis-

186 3831 480 3906 positum,
538 3840 606 3887 ut
642 3832 794 3887 inter
832 3835 1014 3905 ipsam
1042 3847 1309 3905 pompam
1342 3828 1703 3904 deducendae
1736 3847 1904 3887 arcae
1934 3838 2128 3906 posset
2159 3830 2405 3886 cantari.

187 3912 434 3988 „Habet
479 3916 666 3994 igitur
712 3917 1018 3973 intervalla
1063 3914 1339 3991 quaedam
1384 3933 1527 3988 sua,
1603 3926 1662 3974 et
1716 3924 1947 3973 constat
1992 3933 2065 3994 ex
2107 3912 2403 3990 distinctis

186 3999 484 4075 partibus,
545 4019 687 4078 quas
730 4002 968 4059 omnino
1005 3998 1161 4059 baud
1207 4016 1350 4074 opus
1390 4011 1514 4073 est,
1572 4001 1901 4059 arctissimo
1940 4016 2096 4056 nexu
2137 3983 2292 4055 inter
2336 4016 2401 4056 se

187 4081 513 4142 cohaerere.
597 4086 677 4146 Et
716 4087 951 4144 initium
997 4085 1226 4164 quidem
1267 4087 1391 4158 ejus
1437 4087 1713 4144 cantandi
1753 4083 1969 4142 factum
2008 4100 2132 4140 esse
2174 4081 2401 4141 dixeri-

182 4186 349 4242 mus,
409 4189 536 4227 cum
565 4190 702 4241 arca
735 4192 767 4229 e
796 4173 949 4229 loco
957 4173 1032 4229 ad
1059 4166 1308 4228 Zio'nem
1337 4174 1641 4272 proximo,
1681 4189 1795 4246 quo
1825 4178 1996 4226 antea
2021 4167 2401 4241 substitisset,

183 4255 522 4313 solemniter
548 4258 859 4333 procedere
895 4257 1197 4330 inciperet.
1282 4250 1490 4315 Utitur
1519 4259 1687 4314 enim
1695 4253 1951 4312 Davides
1978 4251 2078 4311 Vs.
2108 4254 2165 4311 2.
2202 4254 2399 4310 eadem
2441 4296 2449 4302 -

178 4340 351 4411 plane
377 4340 647 4415 formula,
679 4360 801 4426 qua
830 4341 1022 4401 Moses
1057 4345 1211 4402 olim
1225 4346 1317 4400 uti
1348 4349 1748 4412 consueverat,
1774 4340 2229 4416 quotiescunque
2260 4353 2398 4419 arca

254 4421 494 4483 Psalmi.
669 4472 676 4477 .
1655 4424 1700 4483 C
1735 4445 1767 4482 c
2315 4454 2322 4459 -
