2807 4913
968 274 1091 340 Ρ..
1145 261 1265 358 68,
1320 269 1672 341 «ιε-30.
2024 281 2026 286 ⁴
2282 270 2426 345 411

214 457 499 540 asyndeta
540 456 606 512 in
644 451 758 511 hoc
792 452 975 512 Versu
1022 453 1411 532 sequuntur),
1466 467 1535 515 ut
1575 475 1777 515 sensus
1817 457 1931 515 sit.
1988 455 2076 515 ibi
2115 456 2437 533 Benyamin

129 550 133 554 ’
213 555 276 603 et
317 543 624 601 dominans
666 538 776 611 eis,
823 538 881 596 h.
917 558 968 598 e.
1006 540 1194 597 tribus
1228 544 1391 600 adest
1427 561 1542 600 una
1579 562 1707 600 cum
1737 541 1998 620 principe
2032 561 2173 616 su03
2236 564 2436 622 quem-

138 637 141 644 ”
215 628 526 712 admodum
555 635 613 681 et
648 626 712 680 in
737 621 1105 682 hemistichio
1139 628 1323 684 altero
1358 628 1575 685 mentio
1607 627 1675 684 fit
1715 632 1841 713 ἿΨ
1873 628 2262 707 principum,
2318 648 2436 687 una

218 711 352 773 cum
409 710 676 768 tribubus
725 710 1002 808 ipsorum.
1093 712 1569 784 Alexandriana,
1637 713 1737 788 qui
1785 715 1964 769 vertit
2023 712 2087 773 ἐν
2142 707 2436 787 ἐκστάσει,

217 798 373 878 quod
411 794 696 875 Vulgatus
722 794 804 849 in
847 794 1062 852 mentis
1105 814 1355 853 excessu
1398 795 1689 867 reddidit,
1758 809 2022 854 nostrum
2065 804 2188 860 ΒἹἾ
2237 802 2438 857 retulit

217 885 293 942 ad
335 889 498 965 ΒἾἾ,
558 880 710 936 unde
756 890 994 966 ἰπὶ-ῆι]
1035 898 1218 958 sopor
1263 882 1459 953 altus,
1520 882 1666 940 Gen.
1698 882 1760 952 2,
1792 883 1892 940 21.
1941 881 2041 954 15,
2081 884 2173 939 12.
2190 925 2208 956 ,
2282 884 2440 960 quod

214 971 381 1028 Alex.
424 975 673 1041 utroque
718 966 850 1021 loco
907 969 1182 1034 ἔκστασις
1221 964 1547 1022 transtulit.
1607 966 1729 1030 lta
1771 975 1829 1022 et
1872 966 2091 1042 Syrus·
2149 968 2212 1023 in
2260 977 2437 1026 tran-

217 1052 565 1152 quillitate,
621 1050 786 1148 quasi
829 1047 1158 1126 dormiens,
1217 1068 1434 1128 sopore
1479 1049 1745 1109 obrutus.
1835 1050 1950 1109 Sed
1995 1060 2150 1108 recte
2194 1054 2438 1129 Aquila:

219 1134 462 1214 κρατῶν
495 1133 715 1195 αὐτῶν·
789 1142 983 1219 2772277
1031 1142 1158 1224 ’ἾΨ
1189 1134 1274 1192 Et
1300 1136 1626 1214 principes
1653 1128 1867 1192 Judae.
1926 1134 2267 1210 Dependent
2298 1137 2441 1195 haec
2485 1148 2500 1154 “

217 1244 256 1282 a
287 1223 401 1310 0:25,
441 1220 560 1277 illic
594 1229 763 1277 erant
793 1214 980 1276 etiam
997 1204 1286 1297 principes
1316 1218 1515 1276 Judae.
1603 1226 1819 1283 nrum&
1852 1221 2110 1318 plerique
2142 1240 2261 1278 non
2288 1224 2474 1279 male‘

221 1318 459 1368 coetum
491 1302 692 1362 eorum
736 1304 1234 1380 interpretantur,
1304 1324 1339 1361 a
1383 1305 1560 1361 verbo
1609 1311 1732 1391 053]
1757 1301 2007 1383 lapides
2052 1306 2115 1360 in
2160 1307 2441 1363 tumulum

136 1455 141 1460 ,
188 1401 189 1406 ’
220 1403 324 1451 aut
354 1409 626 1448 acervum
653 1387 916 1461 conjecit
954 1385 1131 1467 (unde
1165 1400 1391 1479 νίκη-172
1423 1388 1594 1447 Prov.
1621 1372 1732 1462 26,
1750 1391 1804 1445 8.
1842 1388 2026 1463 locus,
2065 1409 2175 1466 quo
2209 1391 2440 1469 lapides

166 1529 174 1538 .
205 1472 678 1559 projiciantur),
718 1485 786 1530 ut
813 1494 1022 1532 nomen
1061 1485 1236 1564 nnm-
1272 1493 1307 1530 a
1325 1455 1596 1548 lapidum
1623 1493 1830 1531 acervo
1864 1474 1937 1530 ad
1965 1473 2263 1532 hominum
2287 1478 2441 1533 mul-

216 1563 530 1621 titudinem
562 1570 620 1615 et
652 1570 943 1618 catervam
973 1541 1319 1618 translatum
1347 1561 1447 1614 sit.
1523 1558 1859 1635 Praeplacet
1888 1568 2105 1628 tamen,
2146 1580 2274 1616 cum
2304 1562 2440 1617 aliis

216 1652 485 1705 vertere·
538 1644 698 1722 lapis
744 1662 847 1700 eor
851 1663 980 1718 um3
1036 1664 1212 1721 quum
1251 1646 1407 1700 enim
1433 1645 1659 1700 'nomen
1702 1645 1846 1701 illud
1893 1646 2130 1700 nonnisi
2170 1644 2437 1702 hocloco

108 1743 119 1760 s
221 1740 513 1802 occurrat,
542 1731 728 1792 tutius
761 1733 998 1787 omnino
1033 1739 1122 1786 est
1150 1730 1411 1785 retinere
1442 1748 1568 1785 eam
1597 1728 2107 1808 significationem,
2139 1748 2283 1806 quae
2313 1749 2444 1789 cum.

219 1816 399 1876 verbo
419 1857 438 1889 ,
489 1813 642 1870 unde
671 1814 1001 1887 derivatur,
1057 1816 1346 1872 convenit.
1432 1813 1544 1872 Est
1574 1824 1766 1871 autem
1799 1832 1917 1870 non
1949 1815 2289 1872 inusitatum
2322 1813 2443 1871 He-

220 1902 450 1973 braeis,
501 1897 754 1976 lapidem
800 1901 983 1956 tribui
1025 1917 1338 1975 personae,
1398 1917 1544 1975 quae
1574 1899 1823 1955 aliorum
1858 1898 2112 1955 fulcrum
2150 1911 2209 1957 et
2243 1899 2441 1956 firma-

220 1995 479 2046 mentum
510 1991 635 2057 est,
699 1994 762 2041 ut
797 1984 945 2041 Gen.
975 1986 1080 2056 49,
1106 1985 1206 2040 24.
1243 1982 1311 2039 de
1337 1982 1623 2058 Josepho,
1681 2003 1754 2041 ex
1796 1984 1957 2056 cujus
1995 1989 2242 2060 posteris
2269 1995 2441 2064 'reges

223 2071 590 2144 potissimum
624 2071 746 2125 orti
776 2079 934 2140 sunt,
973 2072 1076 2145 qui
1110 2068 1301 2128 decem
1333 2069 1603 2125 tribubus
1638 2066 2049 2144 praefuerunt,
2094 2069 2236 2126 dicit
2268 2069 2442 2126 Jaco-

222 2155 366 2227 bus,
422 2153 559 2210 inde
592 2163 816 2231 pastor
859 2162 916 2210 et
958 2152 1119 2231 lapis
1160 2150 1377 2211 Israel.
1470 2152 1555 2209 lta
1600 2161 1657 2208 et
1695 2150 1805 2207 hoc
1841 2153 1969 2208 loco
2013 2160 2226 2215 mmm
2274 2172 2450 2212 sensu

221 2240 456 2298 videtur
492 2240 803 2339 convenire
844 2257 974 2296 cum
1018 2237 1140 2317 02²¹
1186 2248 1243 2295 et
1289 2240 1483 2323 ΠἽἾΨ.
1565 2237 1995 2296 Alexandrinus
2039 2256 2266 2315 quoque
2303 2234 2448 2320 ἡγε-

220 2318 400 2406 μόιες
446 2318 649 2385 αὐτῶν
689 2324 976 2391 reddidit3
1020 2342 1126 2380 nec
1160 2341 1278 2379 non
1316 2305 1539 2399 Syrus:
1579 2320 1896 2399 principes
1940 2339 2158 2378 eorum.

395 2454 502 2512 29.
586 2450 866 2529 Sequitur
908 2450 1104 2507 brevis
1150 2450 1224 2508 ad
1272 2448 1458 2508 Deum
1504 2449 1849 2524 supplicatio
1896 2467 2002 2524 pro
2053 2448 2450 2510 confirmanda

228 2548 404 2641 atque
435 2535 701 2615 augenda
728 2535 1122 2592 israelitarum
1151 2535 1479 2611 republica.
1523 2545 1651 2622 7⁵53
1690 2528 1915 2625 ΖῬΓΓΒΝ
1944 2545 2078 2621 ,Ἴης
2110 2533 2451 2615 Praecepit,

154 2638 159 2639 ’
225 2627 269 2682 i.
308 2645 355 2682 e.
387 2623 675 2692 decrevit,
719 2622 1014 2677 ordinavit
1054 2623 1150 2694 (ut
1179 2622 1283 2691 42,
1313 2621 1398 2697 9.)
1438 2599 1604 2674 Deu's
1653 2628 1791 2674 tuus
1834 2603 2021 2676 robur
2063 2604 2260 2692 laum,
2322 2623 2364 2678 i.
2399 2636 2462 2678 e.·

228 2711 455 2768 firmum
499 2718 556 2763 et
595 2706 852 2763 validum
896 2715 1057 2760 tuum
1096 2724 1359 2782 regnum.
1446 2703 1693 2778 Antiqui
1723 2704 2070 2779 interpretes
2104 2724 2299 2762 omnes
2338 2708 2452 2764 mi-

230 2795 405 2852 rabili
445 2792 564 2850 fere
608 2808 893 2853 consensu
937 2790 1244 2846 lectionem
1284 2791 1621 2866 exprimunt
1662 2786 1846 2845 hanc.
1909 2795 2027 2878 7733
2062 2796 2183 2849 na.-
2170 2785 2274 2868 ,ΒΝ
2315 2801 2446 2852 naz

226 2877 546 2958 praecipe,
596 2896 628 2934 o
667 2872 869 2945 Deus,
918 2878 1230 2951 potentiae
1277 2884 1453 2946 tuae,
1512 2890 1619 2928 nec
1658 2872 1868 2929 desunt
1905 2852 2176 2931 heb'raici
2203 2859 2460 2950 codices,

234 2966 376 3041 qui
399 2974 458 3020 et
516 2962 632 3039 ipsi
680 2957 961 3015 exhibent
1017 2961 1327 3016 lectionem
1389 2953 1618 3020 ΒἽΠΊΞΝ.
1727 2957 1844 3015 Sed
1899 2968 2056 3014 recte
2121 2960 2452 3018 observavit

231 3047 665 3117 Schnurrerus,
726 3060 894 3116 posse
935 3055 1224 3117 receptam
1270 3023 1601 3101 lectionem*
1622 3052 1783 3099 recte
1831 3041 2091 3117 defendi,
2162 3046 2216 3100 si
2255 3046 2451 3103 verbis

229 3132 393 3190 hisce
434 3148 752 3189 sermonem
789 3130 884 3184 vel
923 3131 1111 3200 vatiS,
1170 3131 1265 3185 vel
1297 3129 1664 3221 sipgulorum
1694 3128 1908 3185 civium
1936 3129 2010 3184 ad
2037 3129 2451 3204 rempublicam

233 3235 579 3275 conversum
613 3214 905 3283 contineri
937 3210 1199 3287 dixeris,
1221 3213 1333 3270 hoc
1368 3229 1575 3273 sensu:
1616 3211 1899 3283 decrevit,
1950 3229 1983 3267 o
2021 3210 2240 3285 Israel,
2283 3212 2451 3272 Deus

235 3311 376 3360 tuus
420 3301 518 3375 fir
506 3297 790 3355 mandam
841 3306 1021 3374 atque
1070 3298 1551 3378 amplificandam
1602 3314 1729 3354 esse
1787 3305 1949 3353 tuam
2003 3298 2447 3377 rempublicam.

234 3382 336 3449 π’»
387 3384 560 3479 τ-ζξξεξ
603 3397 660 3446 ’Π
705 3377 914 3481 ΒἽιἾξΝ
952 3393 1102 3445 ,Ἴτην
1146 3381 1477 3482 Robustum
1518 3391 1577 3437 te
1613 3390 1912 3459 praesta,
1966 3386 2222 3441 validum
2258 3396 2314 3441 te
2352 3385 2453 3442 de·-

237 3558 434 3615 nostri
473 3573 646 3612 causa
681 3554 802 3627 jam
840 3551 1051 3611 fecisti.

411 3678 694 3741 30.Οό
739 3680 1044 3759 palatium
1101 3688 1264 3738 tuum
1317 3697 1499 3758 super
1543 3675 1977 3754 Hierosolymis
2032 3678 2296 3772 afferent
2344 3679 2460 3737 tibi

244 3787 420 3848 reges
463 3785 728 3824 munera.
813 3765 1167 3822 Particulam
1198 3763 1271 3828 >3³
1307 3766 1631 3837 complures
1671 3764 2010 3838 interpretes
2041 3783 2146 3839 pro
2180 3759 2274 3849 ΕΝ
2300 3766 2461 3837 posi-

242 3867 365 3913 tam
406 3854 732 3929 accipiunt,
789 3859 855 3906 ut
892 3851 977 3905 sic
1008 3850 1468 3909 transferendum
1501 3850 1612 3905 sit.
1662 3858 1931 3925 propter
1976 3828 2280 3925 templuni'
2297 3858 2463 3904 tuum

244 3937 724 4014 Hierosolymam
769 3935 1029 4011 afferent
1073 3944 1186 3991 etc.
1275 3935 1390 3994 Sed
1435 3942 1624 4008 potest
1658 3934 1907 3989 usitatus
1943 3934 2103 3989 illius
2141 3934 2490 4005 particulae,

248 4023 613 4121 significatus
647 4021 790 4078 bene
815 4021 1091 4094 retineri,
1148 4034 1217 4078 ut
1247 4028 1307 4078 et
1341 4038 1376 4075 a
1406 4017 1752 4093 Symmacho
1785 4016 2038 4090 factum,
2085 4018 2187 4092 qui
2218 4018 2304 4072 ita
2330 4018 2465 4075 red-

249 4109 435 4167 didit.
506 4102 609 4168 διὰ
664 4099 770 4167 τὸν
827 4099 976 4167 ναόν
1035 4128 1148 4168 σου
1203 4100 1313 4167 τὸν
1375 4099 1578 4164 ἐπάνω
1640 4099 1747 4182 τῆς
1794 4094 2217 4180 Ιερουσαλήμ,
2292 4111 2466 4176 atque

250 4213 288 4250 a
331 4191 767 4265 Schnurrero,
792 4184 894 4267 qui
943 4193 1061 4249 vim
1103 4192 1262 4247 illius
1305 4191 1466 4248 vocis
1513 4190 1598 4261 sic
1640 4189 1958 4260 expressit.
2013 4184 2171 4263 quod
2212 4185 2469 4243 imminet

246 4277 722 4355 Hierosolymis,
774 4276 1143 4354 monuitque,
1188 4292 1421 4333 sensum
1450 4290 1572 4329 esse
1600 4271 1788 4329 hunc·
1839 4271 2098 4328 ornando
2129 4280 2272 4343 tuo,
2316 4270 2470 4346 quod

248 4361 684 4440 Hierosolymis
723 4362 1021 4437 imminet,
1079 4361 1302 4438 palatio
1349 4379 1386 4418 a
1428 4357 1666 4439 regibus
1710 4358 1887 4432 etiam
1927 4356 2191 4416 barbaris
2231 4355 2475 4413 donaria
