2807 4913
393 307 547 383 638
622 287 629 295 ⁸
1272 307 1392 373 Ps-
1446 324 1612 392 127,
1673 324 1739 371 2.

279 550 284 559 .
395 508 457 558 et
485 502 791 556 conservet
818 506 975 567 eam,
1008 491 1284 552 adversus
1311 487 1602 560 ineendia‚
1619 488 1896 551 hostium
1920 489 2402 570 machinationes,
2427 491 2641 551 aliave

394 581 791 652 incommoda,
833 579 1054 637 frustra
1081 579 1335 655 vigilant
1366 577 1771 648 excubitores,
1809 586 1872 634 et
1902 578 2081 636 inane
2111 588 2202 636 est
2231 579 2502 636 studium
2528 580 2643 656 qui

397 667 810 728 administrant
838 673 898 721 et
924 662 1192 720 incolunt
1221 678 1369 735 eam,
1406 661 1837 721 universorum,

567 836 629 892 2.
713 830 1032 908 compellat
1067 847 1199 902 eos,
1243 831 1346 905 qui
1375 847 1658 888 summam
1687 822 2056 910 diligentiam
2088 830 2152 888 iu
2181 848 2252 888 eo
2281 831 2641 907 ostendunt,

399 931 469 981 ut
511 936 681 995 quam
728 918 1005 975 citissime
1052 915 1122 972 de
1167 933 1336 973 mane
1384 924 1669 994 surgant,
1740 932 1913 991 quam
1959 915 2287 974 tardissime
2330 916 2403 973 ab
2453 935 2643 994 opere

400 1006 722 1081 quiescant,
765 1011 822 1058 et
849 1016 1018 1077 quam
1048 1000 1349 1057 minimum
1382 1001 1565 1077 quieti
1597 997 1934 1057 concedant.
2018 998 2235 1057 Vanam
2266 1009 2465 1059 autem
2503 1021 2639 1060 esse

402 1098 621 1146 tantam
651 1105 851 1145 eorum
886 1084 1251 1161 diligentiam
1282 1095 1342 1141 et
1374 1083 1776 1142 assiduitatem
1805 1085 2031 1160 operis,
2087 1094 2428 1162 tantumque
2460 1088 2640 1144 labo-

397 1192 522 1230 rem
562 1172 942 1268 pronunciat,
998 1170 1113 1225 nisi
1155 1167 1315 1226 Deus
1350 1187 1553 1227 eorum
1594 1169 1807 1226 studiis
1845 1178 1904 1224 et
1944 1169 2236 1226 laboribus
2275 1188 2638 1246 prosperum

398 1256 726 1314 successum
770 1256 1010 1312 tribuat
1093 1252 1528 1344 πΞΨ-ΨἻΠΨΞ,
1577 1260 1691 1337 ln‘vp
1738 1251 1995 1347 ³7:³:lp‘72
2033 1249 2157 1315 0²:sp
2201 1253 2324 1344 Ντῖῤ
2374 1253 2639 1327 Vanum,

300 1404 312 1413 ,
399 1341 622 1398 frustra
653 1338 822 1397 vobis
861 1348 983 1411 est,
1026 1317 1463 1396 matutinantes
1506 1356 1793 1415 surgere,
1839 1338 1879 1393 i.
1915 1357 1963 1392 e.
1997 1340 2097 1416 qui
2131 1357 2330 1411 mane,
2384 1342 2522 1412 vel,
2569 1347 2637 1396 ut

304 1417 311 1420 ’
399 1424 687 1504 vulgatus
719 1424 924 1497 habet,
971 1433 1110 1480 ante
1146 1423 1361 1494 lucem,
1403 1426 1653 1503 surgitis
1688 1421 1761 1479 ad
1791 1422 2056 1498 opificia,
2095 1424 2492 1497 retardantes
2543 1444 2638 1483 se-

402 1509 562 1581 dere,
602 1511 642 1567 i.
676 1528 724 1567 e.
760 1509 1053 1585 quiescere
1082 1527 1118 1564 a
1145 1509 1362 1579 labore,
1405 1511 1654 1584 quietem
1687 1505 2040 1578 differentes,
2083 1509 2125 1563 i.
2158 1526 2208 1565 e.
2243 1511 2344 1584 qui
2374 1509 2451 1564 ad
2485 1527 2638 1585 opus

401 1594 698 1652 celerrime
733 1594 1014 1669 surgitis,
1052 1600 1112 1649 et
1145 1592 1473 1650 tardissime
1504 1594 1760 1651 cessatis.
1846 1600 1987 1671 ’ῆι-ΙΝ,
2029 1601 2119 1648 est
2155 1592 2525 1667 retardare,
2572 1603 2639 1649 ut

402 1678 516 1737 Ex.
545 1680 661 1751 22,
687 1680 791 1735 28.
836 1676 1010 1733 Deut.
1042 1679 1146 1748 23,
1179 1678 1279 1732 22.
1297 1716 1316 1748 ‚
1388 1677 1531 1762 Πζιῤ
1568 1696 1709 1735 vero
1755 1658 1971 1753 (quod
1987 1675 2045 1733 h.
2080 1677 2121 1735 l.
2165 1679 2502 1752 oppositum
2549 1684 2640 1735 est

399 1763 486 1842 τῷ
528 1763 670 1849 Dap)
713 1778 951 1818 cessare
997 1781 1032 1819 a
1074 1762 1304 1833 labore,
1346 1752 1687 1837 quiescere,
1726 1771 1793 1818 ut
1827 1759 1998 1817 Prov.
2028 1762 2132 1833 20,
2163 1763 2219 1817 3.
2263 1759 2360 1817 Ps.
2395 1762 2549 1835 139,
2579 1766 2637 1820 2.

400 1824 620 1908 'llirem
650 1848 712 1917 3,
747 1846 851 1904 63.
897 1844 1396 1904 ·Alexandrinus.
1455 1848 1537 1916 εἷς
1578 1841 1779 1926 μάτην
1818 1839 1957 1921 ὑμῖν
2003 1845 2133 1907 ἐστι
2173 1835 2240 1903 ui
2289 1841 2638 1925 ὄρθρίζειν,

399 1931 707 2013 ἐγείρεσθε
746 1921 899 2006 μετὰ
943 1928 1010 1992 ιὸ
1054 1929 1420 2008 καθῆσθαι,
1463 1942 1522 1989 et
1551 1928 1871 2012 vulgatus:
1916 1948 2129 1986 vanum
2163 1938 2252 1986 est
2278 1929 2449 1988 vobis
2487 1943 2638 1989 ante

398 2019 581 2077 lucem
623 2033 929 2092 surgere,
974 2017 1232 2093 surgite,
1275 2024 1595 2094 postquam
1637 2016 1944 2073 sederitis.
2030 2012 2229 2085 Patet,
2267 2015 2637 2074 Alexandri-

401 2120 543 2161 num
582 2118 785 2158 vocem
825 2112 1038 2161 ’Ἶττκλι
1080 2111 1353 2178 tanquam
1389 2102 1729 2158 adverbium·
1757 2101 2072 2175 accepisse,
2124 2117 2474 2174 sensumque
2518 2101 2633 2158 boc

398 2185 570 2245 modo
600 2183 836 2242 fecisse.
876 2185 1028 2242 nibil
1058 2186 1337 2262 proderit,
1365 2189 1565 2242 statim
1600 2194 1905 2263 postquam
1937 2185 2241 2259 quieverit,
2271 2193 2409 2240 ante
2435 2186 2634 2242 lucem

400 2291 434 2330 e
465 2271 657 2348 quiete
688 2288 963 2348 surgere,
1017 2272 1104 2327 ita
1137 2278 1207 2327 ut
1239 2271 1344 2326 vix
1384 2272 1663 2347 exiguum
1700 2271 1882 2346 quieti
1919 2267 2267 2326 concedatis·
2355 2265 2639 2327 Ceterum

398 2375 506 2432 pro
539 2355 855 2435 ἐγείρεσθε
892 2354 933 2410 Α
944 2354 1164 2434 gellius
1192 2362 1391 2411 monet
1422 2354 1726 2454 legendum
1759 2354 2127 2459 ἕγείοεσθαι·
2210 2351 2405 2423 „Vera
2442 2355 2634 2412 editio

400 2439 604 2515 IXX,
642 2442 855 2518 inquit,
896 2443 982 2497 sic
1009 2438 1208 2501 habet:
1251 2440 1339 2511 εἷς
1379 2432 1581 2517 μάτην
1624 2436 1764 2517 ὑμῖν
1803 2440 1952 2512 ἐστι,
1993 2434 2066 2497 τὸ
2116 2431 2432 2519 &papatem
2475 2439 2633 2516 ἐγεί-
2682 2487 2688 2492 ,

402 2533 655 2605 pacfice·
712 2535 772 2583 et
807 2528 893 2582 sic
930 2524 1101 2583 habet
1133 2524 1447 2582 Vaticanus
1483 2527 1669 2584 codex
1703 2526 2156 2602 antiquissimus.
2161 2525 2202 2556 “
2274 2520 2421 2609 nub
2467 2520 2637 2615 ³⁷32&
2735 2581 2736 2588 ,

402 2620 656 2700 nffquggre
693 2609 818 2681 Qua·
855 2610 1163 2668 comeditis
1195 2628 1419 2689 panem
1459 2611 1755 2684 dolorum,
1798 2613 1836 2669 i.
1867 2629 1916 2667 e.
1946 2611 2152 2667 multis
2183 2587 2486 2667 laboribus
2520 2628 2636 2666 cu-
2735 2655 2736 2658 η

400 2677 607 2772 risque
634 2705 899 2772 paratum
934 2706 992 2753 et
1025 2704 1293 2751 sumtum.
1378 2695 1475 2752 lta
1509 2694 1676 2754 Prov.
1708 2699 1771 2768 4,
1796 2697 1892 2752 17.
1927 2695 2115 2773 panis
2152 2694 2495 2771 impietatis
2543 2705 2637 2751 est
2735 2743 2736 2760 ,

402 2782 575 2855 impie
619 2791 840 2858 partus.
932 2780 1052 2837 Alii
1080 2797 1302 2857 panem
1347 2778 1612 2836 dolorum
1656 2780 1774 2838 dici
1812 2781 2154 2837 existimant
2192 2778 2378 2835 cibum
2422 2781 2630 2852 vilem,

401 2876 469 2923 ut
505 2884 539 2921 c
571 2866 869 2923 contrario
911 2863 1062 2921 Dan.
1101 2868 1196 2936 10,
1227 2865 1284 2924 3.
1317 2865 1505 2942 panis
1546 2864 1948 2943 voluptatum,
1991 2876 2080 2921 est
2119 2863 2279 2920 cibus
2319 2860 2633 2922 delicatus.

362 2979 365 2980 ⁷
401 2946 523 3034 Νἱῖῤ
573 2945 773 3030 'lv-pb·
818 2962 927 3033 ἰη’
966 2961 1040 3035 32
1087 2946 1196 3007 Ita
1239 2948 1410 3005 dabit
1452 2948 1671 3007 dilecto
1715 2966 1820 3006 suo
1864 2968 2140 3021 somnum,
2185 2949 2226 3004 i.
2261 2967 2313 3005 e.
2344 2948 2631 3025 quemad-

396 3016 630 3091 modum
666 3051 774 3091 vos
815 3018 1035 3091 frustra
1071 3034 1437 3112 fatigamini,
1495 3041 1562 3091 ut
1593 3035 1700 3093 vix
1735 3033 2061 3111 pauxillum
2094 3051 2298 3090 somno
2337 3043 2397 3089 et
2437 3034 2633 3110 quieti

398 3117 788 3195 indulgeatis3
845 3121 932 3176 ita
970 3139 1001 3176 e
1043 3119 1275 3176 diverso
1313 3116 1475 3175 Deus
1516 3121 1627 3192 iis,
1683 3137 1829 3196 quos
1871 3118 2101 3198 diligit,
2163 3120 2355 3193 quiete
2396 3127 2458 3175 et
2496 3121 2632 3175 sine

349 3230 355 3236 ⁴
398 3203 558 3260 curis
612 3213 672 3261 et
719 3204 1003 3260 molestiis
1047 3203 1300 3261 dormire
1345 3204 1631 3261 concedit.
1718 3202 2139 3261 Similitudinis
2183 3202 2471 3280 particula
2515 3213 2631 3286 ἶζ,

391 3285 757 3346 hemisticbio
802 3288 1114 3363 posteriori
1153 3290 1502 3362 praemissa,
1565 3297 1702 3346 ante
1748 3286 2171 3347 hemistichium
2217 3289 2380 3364 prius
2419 3291 2632 3366 arguit

393 3379 437 3430 ὃ
481 3371 894 3430 similitudinis
936 3371 1389 3430 subaudiendum
1432 3391 1593 3446 esse,
1643 3383 1714 3431 ut
1752 3366 1871 3431 Jes.
1905 3371 2007 3445 56,
2034 3373 2100 3430 9.
2137 3390 2275 3430 nam
2311 3372 2632 3471 quemad-

391 3455 627 3514 modum
674 3455 935 3513 altiores
977 3465 1120 3522 sant
1172 3456 1321 3513 coeli
1366 3466 1571 3532 terra,
1643 3458 1740 3516 ita
1782 3457 2036 3516 altiores
2079 3466 2222 3515 sunt
2274 3457 2411 3516 viae
2456 3473 2631 3515 meae

389 3540 615 3598 vestris
661 3539 800 3598 viis.
884 3535 1020 3600 Job.
1052 3544 1110 3614 7,
1142 3544 1202 3599 9.
1254 3539 1840 3602 Sicutcomum’tur
1878 3541 2060 3600 nubes
2099 3551 2173 3604 et
2202 3539 2367 3615 abit,
2424 3541 2522 3598 ita
2563 3542 2629 3600 is

391 3628 496 3700 qus·
534 3624 600 3680 in
647 3641 851 3682 orcum
894 3625 1227 3699 descendit,
1285 3644 1402 3683 non
1442 3628 1749 3686 ascendet.
1813 3625 1947 3686 Vid.
1981 3636 2041 3684 et
2078 3626 2183 3685 Es.
2209 3627 2315 3695 22,
2344 3627 2449 3684 20.
2495 3620 2627 3696 Jcr.

389 3708 453 3780 3,
479 3709 583 3766 20.
625 3739 703 3752 —
752 3707 957 3791 ruri.»
992 3708 1233 3768 Dilecto
1270 3729 1414 3783 sao,
1453 3713 1756 3771 collective
1788 3712 2130 3789 capiendum
2161 3728 2318 3784 esse,
2355 3728 2451 3767 res
2489 3712 2630 3788 ipsa

388 3791 591 3857 docet,
652 3793 850 3870 diligit
869 3777 1072 3852 autem
1105 3814 1224 3868 eos,
1269 3797 1370 3871 qui
1408 3797 1659 3854 colunt
1642 3816 1831 3874 ipsum
1862 3795 2163 3876 religiose,
2203 3810 2448 3870 quorum
2483 3813 2630 3870 spes

388 3878 578 3938 omnis
607 3878 823 3955 pendet
851 3879 922 3935 ab
957 3881 1100 3955 ipso.
1182 3878 1304 3938 Alii
1334 3882 1632 3956 accipiunt
1666 3890 1742 3964 3²³
1776 3880 1832 3939 h.
1866 3883 1904 3938 l.
1934 3899 2041 3957 pro
2071 3877 2437 3937 asseverandi
2473 3893 2625 3952 par-

384 3962 590 4031 ticula,
630 3980 789 4032 vere,
823 3963 1143 4041 profecto,
1183 3974 1241 4021 et
1274 3973 1409 4040 post
1442 3974 1547 4048 317³
1588 3964 1945 4023 subaudiunt
1988 3960 2116 4027 nub
2146 3981 2220 4021 ex
2245 3962 2625 4022 hemisticbio

383 4047 693 4120 proximo,
744 4058 879 4103 ante
911 4059 1038 4109 mlv
1077 4058 1268 4106 autem
1297 4052 1645 4124 particulam
1681 4058 1755 4122 3,
1813 4052 2041 4124 saepius
2070 4051 2375 4119 omissam,
2413 4058 2485 4104 ut
2514 4048 2622 4106 hic

379 4129 624 4204 prodeat
666 4149 901 4190 sensus:
969 4134 1258 4209 profecto
1308 4133 1440 4190 suis
1489 4134 1713 4194 victam
1764 4135 2167 4191 necessariam
2216 4132 2494 4189 concedit
2550 4134 2623 4190 in

379 4229 602 4286 somno,
647 4217 688 4273 i.
719 4236 766 4275 e.
797 4219 922 4276 sine
957 4217 1154 4275 labore
1182 4218 1378 4274 anxio.
1453 4218 1628 4278 Hunc
1659 4237 1890 4279 sensum
1919 4217 2210 4276 Lutberus
2199 4235 2472 4319 quoque
2506 4236 2622 4275 ex·-

364 4301 611 4373 pressit.
693 4302 1167 4360 Alexandrinus:
1213 4290 1361 4362 ὅταν
1415 4298 1505 4383 δῷ
1561 4313 1692 4376 τοῖς
1751 4298 2089 4384 ἇγαπητοῒς
2147 4296 2334 4365 αὖτου
2385 4324 2619 4377 vavor,

372 4391 433 4448 et
462 4382 783 4463 Vulgatusz
829 4405 1007 4506 qaam
1041 4387 1152 4490 dat
1193 4387 1437 4447 dilectis
1479 4392 1607 4449 suis
1647 4406 1922 4488 sommum.
