2807 4913
285 413 288 418 ,
395 309 550 389 580
948 269 959 272 ¹
1174 355 1177 360 -
1279 265 1625 406 Pano,
1690 325 1781 399 ιζ,

390 501 592 575 vei-ba,
633 517 779 578 quae
810 495 1384 574 sie'interpretaturt
1425 502 1737 567 remaneas
1779 494 1934 587 (augg
1964 497 2224 576 manere,
2255 505 2639 578 commorari,

391 587 723 659 remandi-'03
744 584 966 663 anag.
999 586 1063 657 2,
1087 585 1150 640 2.
1181 580 1242 641 4.
1272 585 1332 640 6.
1368 584 1499 642 Jud.
1528 585 1708 658 6318.
1747 583 1897 642 Hos.
1926 587 1987 658 3,
2017 588 2101 659 3.,
2141 590 2314 663 plane
2338 600 2408 647 ut
2435 591 2635 649 Grae-

389 669 598 732 corum
625 664 960 743 ’καθὶζειν,
1026 688 1078 726 e.
1123 688 1176 727 c.
1221 668 1362 726 Luc.
1395 665 1518 742 24,
1544 671 1648 726 49.
1708 667 1836 729 Act.
1869 671 1966 742 18,
2003 666 2135 748 11.)
2176 672 2262 743 ²⁶⁷²st
2295 685 2438 730 arec
2494 683 2633 753 tua,

352 777 357 782 ·
396 751 614 829 Zione,
658 761 925 813 ecem-110⁶
934 752 1178 827 fiducia
1215 754 1444 811 auxilii
1459 754 1736 831 ‘megum
1760 755 2071 812 ‘ea-casati
2094 758 2377 834 proelia:
2422 756 2632 817 hostes

346 837 353 852 ⁸
391 847 558 914 tum,
603 838 720 897 tibi
752 839 939 896 etiam
970 836 1236 910 absenti,
1276 836 1614 910 subjiciam.
1698 836 1899 915 Neque
1937 849 2133 897 tamen
2162 844 2396 917 probari
2430 853 2634 918 potest

392 925 537 990 haec
574 925 946 999 explieat-io,
1016 929 1226 994 utpote
1272 919 1417 980 ¹usui
1471 915 1754 1002 formulae
1807 922 2104 982 Hebraeae
2161 927 2250 984 ibi
2305 937 2638 1003 usurpatae

395 1023 639 1087 prorsus
666 1020 1021 1087 repugnans.
1088 1005 1354 1082 Denique
1385 1007 1526 1082 quid
1553 1008 1907 1082 permoverit
1934 1011 2144 1083 vate'm,
2176 1017 2243 1067 ut
2271 1030 2471 1089 regem
2500 1022 2628 1069 tam

396 1095 630 1151 solenni
663 1092 918 1150 formula
942 1087 1365 1168 Versu.quarto
1396 1090 1804 1150 Melchisedec-i
1842 1083 2241 1152 successorum
2274 1115 2309 1153 a
2342 1096 2489 1154 Jova
2521 1097 2629 1154 de·

395 1172 682 1237 claretum
715 1189 921 1249 canat,
953 1175 1203 1256 eogitari
1237 1178 1410 1252 plane
1442 1194 1563 1234 non
1590 1185 1803 1252 potest,
1844 1178 1895 1233 si
1926 1197 2157 1238 carmen
2186 1181 2260 1237 ad
2289 1198 2358 1237 ea
2384 1180 2634 1253 referas,-

395 1281 544 1341 quae
574 1263 613 1319 2
631 1262 788 1321 Sam.
814 1262 927 1318 21:
952 1269 1492 1318 commemorantur.
1577 1259 1748 1329 Quod
1779 1263 1967 1336 ipsum
1996 1263 2166 1320 valet·
2186 1276 2394 1336 eontra
2418 1281 2626 1323 corum

391 1343 772 1418 sententiam,
827 1348 932 1421 qui
960 1344 1250 1404 Psalmum
1280 1345 1349 1402 de
1378 1343 1745 1420 Abrahamo,
1798 1348 1895 1404 vel
1921 1347 1989 1406 de
2017 1346 2363 1422 Salomone,
2414 1353 2512 1407 vel
2551 1350 2627 1408 de
2718 1418 2720 1420 ¹

393 1415 613 1491 Hislzia
651 1435 970 1505 exponunt.
1034 1428 1560 1504 praetermittimus
1595 1432 1741 1487 alias
1774 1432 2172 1505 conjecturas.⁴
2215 1434 2341 1492 Nos
2369 1434 2628 1510 quidem,

397 1534 575 1593 quum
603 1514 698 1572 hie
723 1514 988 1572 Psalmus
1017 1530 1150 1584 cum
1179 1515 1432 1572 seeundo
1463 1513 1574 1572 hoe
1603 1512 1813 1572 habeat
1838 1529 2159 1591 commune,
2187 1519 2343 1595 quod
2368 1529 2627 1594 utroque

399 1602 656 1676 carmine
686 1598 987 1675 profertur
1013 1591 1273 1655 divinum
1301 1600 1623 1671 oraculum,
1659 1617 1774 1675 quo
1805 1592 1951 1658 Jova
1977 1603 2106 1685 regi
2135 1615 2171 1659 a
2201 1621 2263 1659 se
2292 1605 2620 1660 constituto

396 1685 759 1759 pollicetur‚'
799 1701 861 1740 se
891 1688 1016 1760 ejus
1050 1681 1245 1740 hostes
1276 1684 1509 1758 penitus
1539 1682 2027 1761 profligaturum,
2087 1681 2380 1765 Psalmum
2411 1705 2623 1744 seeun-

396 1770 536 1826 dum
566 1786 707 1826 vero
742 1786 848 1825 suo
885 1770 1014 1825 loeo
1047 1767 1364 1825 viderimus
1401 1784 1607 1824 canere
1637 1785 1923 1826 summum
1952 1771 2119 1828 illum
2147 1790 2345 1851 regem
2375 1791 2407 1828 c
2434 1774 2624 1847 stirpe
2687 1817 2698 1820 „

393 1850 703 1911 Davidiea.
724 1852 1068 1925 oriundum,
1123 1853 1523 1910 restitutorem
1564 1854 1758 1933 gentis
1802 1871 1871 1932 ae
1908 1856 2260 1929 reipublicae
2297 1854 2619 1930 Hebraeae,

394 1955 565 2015 quem
607 1936 841 2023 η’·ςῇγξὶῑ
882 1947 1157 2008 unctum,
1194 1928 1409 2017 ἐξόχως
1449 1936 1859 2013 appellarunt}
1888 1940 2130 1997 eundem
2158 1950 2217 1997 et
2245 1939 2362 1997 hoc·
2386 1940 2620 1998 Psalmo

396 2021 681 2079 celebrari
709 2021 946 2096 minime
975 2022 1325 2080 dubitamus.
1412 2021 1645 2079 Veteres
1676 2020 1975 2081 Hebraeos
2007 2022 2158 2081 hane
2191 2043 2349 2102 spem
2378 2025 2621 2097 fovisse,

396 2105 563 2179 fore,
602 2114 672 2162 ut
698 2104 974 2179 Messias,
1017 2104 1358 2183 perdomitis
1392 2125 1463 2162 ae
1492 2105 1793 2163 debellatis
1821 2105 2118 2181 hostibus,
2163 2111 2320 2185 ipsos
2353 2110 2427 2167 ad
2458 2128 2621 2166 sum-

397 2209 558 2248 mum
599 2181 894 2267 potentiae
930 2201 989 2272 et
1021 2191 1346 2267 splendoris
1377 2191 1680 2271 fastigium
1711 2190 2011 2265 eveheret,
2061 2196 2441 2270 omnibusque
2468 2213 2620 2273 gen·-

399 2278 559 2350 tibus
593 2293 661 2332 ac
697 2275 1033 2334 nationibus
1076 2277 1415 2350 imperaret,
1457 2295 1617 2352 quae
1646 2285 1957 2351 supersunt
1992 2288 2191 2336 vatum
2217 2277 2621 2337 Hebraeorum
2661 2307 2664 2316 ⁴

401 2359 642 2432 oracula
671 2361 994 2418 clarissime
1022 2352 1291 2437 probant.
1371 2360 1563 2419 Porro
1593 2362 1665 2433 is,
1710 2364 1812 2437 qui
1841 2360 1954 2419 hoe
1981 2364 2237 2420 carmine
2269 2363 2618 2434 celebratur,

403 2458 534 2502 eum
587 2446 752 2524 regia
795 2444 1084 2524 dignitate
1135 2446 1551 2504 sacerdotalem
1604 2446 1670 2503 in
1720 2465 1781 2503 se
1831 2451 1950 2505 uno
1999 2450 2368 2524 conjunctam
2420 2446 2619 2522 habet,

399 2538 606 2587 contra
637 2548 809 2605 quam
843 2529 932 2586 fas
964 2539 1117 2587 esset
1146 2532 1211 2587 in
1246 2530 1568 2588 Israelitiea
1601 2532 1871 2604 civitate,
1925 2534 2197 2610 illamque
2231 2542 2526 2591 aeternam
2560 2544 2622 2591 et

400 2612 903 2687 excellentiorem,
941 2633 1113 2692 quam
1145 2633 1259 2690 qua
1285 2616 1615 2675 Aaronitici
1644 2615 1982 2675 sacerdotes·
2002 2621 2157 2676 orati
2187 2594 2371 2681 eraut.
2444 2608 2623 2686 Quod

400 2717 510 2756 nec
545 2697 613 2755 de
640 2696 866 2756 Davide
897 2700 1012 2757 dici
1043 2702 1270 2776 potuit,
1329 2719 1436 2757 nec
1468 2700 1536 2756 de
1572 2702 1692 2758 ullo
1724 2703 1841 2758 alio
1872 2721 2009 2782 rege
2036 2704 2340 2776 terrestri,
2401 2701 2503 2759 sed
2548 2702 2622 2759 de

394 2784 528 2840 solo
573 2781 806 2841 Messia.
887 2782 981 2843 Aa
1021 2782 1298 2841 Messium
1353 2784 1605 2842 Iudaeos
1650 2774 1844 2845 aetate*
1884 2780 2025 2844 Jesu
2069 2805 2299 2844 carmen
2343 2788 2627 2846 retulisse

360 2869 364 2874 '
394 2860 637 2924 constat
674 2862 750 2924 ex
791 2866 1129 2944 quaestione
1169 2869 1277 2926 illa
1304 2869 1639 2927 pharisaeis
1672 2884 1708 2928 a
1735 2869 1991 2929 Domino
2032 2873 2336 2947 proposita
2372 2869 2621 2951 (Matth-

324 3015 341 3024 ,
392 2948 506 3023 ‘223
533 2953 633 3008 41.
675 2951 852 3010 Mare.
879 2953 1102 3026 12‚35.
1144 2953 1283 3010 Luo.
1312 2956 1417 3025 20,
1448 2949 1615 3031 41.);
1657 2959 1842 3033 neque
1874 2958 2047 3015 aliter
2074 2974 2411 3032 persuasum
2429 2954 2623 3025 ⁴fuisse

399 3037 633 3097 videtur
678 3036 808 3111 illi,
881 3040 982 3116 qui
1022 3055 1255 3095 carmen
1279 3049 1561 3097 nostrum
1606 3038 1744 3097 huie
1795 3059 2100 3099 sacrorum
2152 3050 2425 3098 cantuum
2469 3059 2621 3116 syn-

396 3123 643 3200 tagmati
672 3123 952 3195 inseruit,
996 3120 1331 3197 Davidique-
1356 3125 1585 3181 auctori
1611 3126 1840 3186 tribuit,
1924 3123 2147 3195 Quodsi
2172 3126 2328 3182 enim
2351 3123 2619 3184 Davides

390 3205 554 3262 ‘hane
584 3207 752 3264 odam
783 3207 1020 3280 dixerit,
1059 3222 1178 3265 non
1208 3212 1274 3265 'se
1308 3211 1531 3286 ipsum,
1575 3209 1674 3266 sed
1702 3209 1885 3268 alium
1916 3210 2220 3287 quendam,
2262 3227 2324 3266 se
2351 3210 2624 3285 superio-

398 3306 556 3362 rem,
600 3291 709 3347 illa
737 3292 1051 3349 celebrasse
1082 3309 1314 3351 neeesse
1344 3299 1450 3350 est.
1534 3293 1641 3351 Ille
1668 3312 1806 3352 vero
1836 3297 1967 3372 quis
1996 3296 2166 3366 alius,
2206 3296 2325 3351 nisi
2353 3292 2628 3370 Messias,

393 3371 615 3432 fuerit?
656 3377 661 3382 “
689 3374 856 3434 Nihil
887 3385 997 3449 est,
1027 3376 1181 3454 quod
1211 3380 1288 3434 iis
1319 3378 1758 3453 interpretibus,
1787 3382 1890 3456 qui
1920 3378 2031 3438 hoc
2060 3380 2318 3436 carmine
2347 3376 2627 3439 Messium

390 3461 530 3516 cani
561 3468 849 3532 statuunt,
886 3464 1127 3537 opponit
1157 3478 1239 3520 nn
1265 3461 1531 3535 WETTE,
1560 3464 1838 3520 victorias
1864 3467 2050 3523 multo
2077 3465 2364 3542 sanguine
2392 3473 2624 3538 partas,

393 3558 542 3621 quae
571 3547 704 3622 regi
735 3543 848 3601 hoe
872 3543 1101 3603 Psalmo
1128 3547 1415 3605 celebrato
1446 3546 1815 3621 tribuuntur,
1874 3550 2043 3624 plane
2067 3565 2399 3626 repugnare
2426 3551 2619 3621 sanis,

393 3639 543 3704 quae
579 3627 867 3686 hominem
910 3628 1307 3688 Christianum
1354 3628 1594 3704 decent,
1639 3632 1987 3690 'notionibus
2025 3635 2097 3691 de
2136 3629 2383 3704 Messia‚
2432 3640 2622 3710 atque

391 3709 538 3770 adeo
582 3713 654 3769 ad
697 3714 974 3771 tuendum
1010 3716 1323 3795 religionis
1364 3724 1424 3771 et
1465 3714 1749 3774 libr-orum
1789 3735 2090 3781 sacrorum
2129 3714 2410 3773 honorem
2447 3717 2620 3776 illam

384 3799 934 3872 ‘interpretationem
968 3817 1092 3855 esse
1123 3799 1513 3873 rejiciendam.
1571 3799 1724 3858 Nam
1755 3803 1885 3877 quis
1916 3803 2171 3880 ignorat,
2217 3801 2482 3858 earmina
2508 3803 2624 3860 illa

388 3891 451 3938 et
489 3880 896 3958 prophetarum
937 3882 1140 3956 effata,
1198 3900 1345 3959 quae
1378 3881 1623 3943 Messiae
1655 3885 2019 3961 splendidum
2053 3885 2358 3962 imperium
2390 3883 2622 3943 deseri*

384 3965 566 4038 bunt,
625 3967 999 4041 dijudicanda
1031 3982 1172 4024 esse=
1193 3978 1277 4025 ex*
1307 3970 1649 4046 ingenio‘et
1685 3969 1986 4050 cogitandi
2013 3971 2188 4028 modo
2221 3969 2344 4046 qius
2375 3970 2617 4044 aetatis,-

383 4060 499 4124 qua
539 4060 681 4107 sunt
716 4048 914 4107 edita?
1659 4076 1662 4081 >
2379 4074 2380 4077 ¹

555 4136 608 4191 l.
691 4133 874 4207 Sunt,
919 4137 1019 4210 qui
1055 4137 1232 4195 verba
1270 4139 1474 4215 ''2572373
1517 4132 1665 4218 ’τῖ’-ιξ
1709 4141 2209 4217 interpretentur:
2252 4134 2490 4196 Deoida·
2523 4157 2613 4198 se.

378 4214 722 4289 dedicatum,
767 4236 812 4273 s.
851 4221 916 4274 in
941 4218 1234 4300 Davidem
1268 4218 1553 4294 Carmen,
1597 4207 1773 4299 fluum
1810 4226 1994 4283 dictio
2027 4220 2214 4304 7255„
2270 4240 2416 4301 quae
2453 4226 2611 4281 alias

372 4303 600 4358 nomini
636 4304 837 4382 Ἶῆἳετη
879 4308 1153 4379 postponi
1190 4309 1368 4377 solet,
1418 4305 1547 4367 h.1.
1582 4308 1766 4366 eidem
1801 4292 2138 4386 praeposita⁷
2160 4304 2260 4367 bit.
2343 4306 2606 4384 Septies

267 4413 273 4418 -
366 4384 452 4439 ita
488 4403 696 4442 nomen
733 4368 934 4446 *svam
975 4386 1199 4446 nomini
1227 4388 1489 4448 Davidis
1520 4395 1909 4467 postpositum
1935 4412 2079 4467 esse,
2120 4403 2322 4453 monet
2354 4390 2606 4450 Μῆδοι-ει
