2807 4913
1000 288 1341 399 Pelso,
1402 329 1465 378 ι.
1510 290 1574 380 a.
1793 337 1799 344 ·
2136 372 2140 376 .
2205 305 2390 386 *621

193 501 301 572 26,
334 499 405 559 l.-
425 513 552 575 sqq.
593 503 654 555 et
692 493 769 556 cf.
809 494 1069 556 Gussir
1104 492 1252 554 Phil„
1284 490 1350 554 S.
1386 516 1446 574 p.
1479 495 1661 555 1331.
1704 491 1846 552 edit.
1875 490 2114 573 Datin),
2178 484 2284 556 ills
2322 496 2396 558 «lo

195 584 600 661 appellationis
636 577 896 670 ηῆἒθζξῃ
935 580 1090 663 ’Ῥιῤ
1131 583 1365 638 ratione
1391 582 1684 641 sententia
1713 598 1916 655 parum
1940 589 2031 638 est
2058 580 2395 655 probabilis.

193 666 497 744 Quicquid*
504 666 655 726 vcro
688 666 757 723 de
785 668 1047 735 nominis·
1067 660 1327 728 mbymff
1366 674 1501 728 0³11?
1540 665 1969 744 significatione
1996 673 2247 739 statuas,
2291 664 2403 725 boc

196 771 341 810 sane
369 758 642 826 apparet,
693 748 801 807 bos
826 749 1088 808 Psalmo·
1115 747 1355 807 omnino
1384 751 1676 824 peculiare
1702 748 1924 824 aliquid
1954 733 2199 823 habere,
2242 749 2400 827 quod

196 846 260 895 et
294 837 380 893 sic
418 836 785 893 continenter
824 844 884 892 et
921 846 1195 911 tanquam
1231 851 1353 891 uno
1394 832 1670 892 fasciculo
1709 832 1972 910 colligati
1997 833 2401 912 -couooatiqne

195 923 494 1000 leguntur,
532 928 593 976 et
622 912 905 995 peculiari
935 920 1170 994 insuper
1200 918 1583 993 inscriptione
1612 917 1804 975 notati
1829 926 1987 989 sunt,
2019 918 2247 993 qualem
2278 936 2400 980 non

197 1005 413 1064 habent
440 1003 552 1060 ulli
581 1004 707 1061 alii.
763 1002 844 1061 Et
870 1004 935 1063 in
962 1001 1073 1060 hoc
1101 1002 1329 1077 quidem
1355 1003 1519 1059 nullo
1544 999 1903 1060 Psalmorum
1931 1002 2133 1060 ordine
2162 1004 2401 1061 omnino

199 1098 500 1150 externam
542 1102 774 1145 causam
818 1096 878 1145 et
916 1104 1274 1143 communem
1316 1083 1604 1162 quandam
1646 1104 1770 1144 esse
1816 1094 2083 1159 oportet,
2139 1105 2254 1163 qua
2292 1085 2401 1146 hos

146 1234 149 1239 ,
197 1177 357 1252 ipsos
383 1171 643 1231 Psalmos
671 1190 790 1228 uno
816 1172 990 1229 titulo
1020 1169 1455 1245 comprehensos
1483 1166 1777 1227 habemus.
1812 1167 1905 1227 De
1934 1186 2048 1244 quo
2072 1172 2403 1245 conjectura

143 1246 147 1254 ¹
200 1269 291 1316 est
320 1275 591 1333 perquam
617 1255 932 1331 probabilis
949 1254 1227 1313 ΤιιιΝωι
1248 1250 1651 1332 (Disquisitio
1682 1254 1753 1312 de
1778 1253 2020 1311 rationo
2050 1255 2402 1334 inscriptio-

198 1343 297 1401 nis
342 1338 416 1396 15
452 1338 608 1412 Psm,
649 1339 751 1418 qui
787 1339 1072 1396 dicuntur
1109 1334 1367 1401 nub-*mn
1414 1350 1607 1410 ⁸7³1&
1650 1356 1753 1397 seu
1793 1335 2054 1394 Cantica
2086 1337 2405 1397 Ascensio-

198 1445 357 1499 num,
403 1443 526 1482 una
558 1441 691 1481 cum
726 1424 1043 1482 succincta
1074 1421 1459 1501 expositione
1494 1421 1831 1479 eorundem.
1878 1419 2138 1495 Bremae,
2176 1420 2405 1502 1765.)‚

197 1511 309 1571 hos
338 1509 603 1567 Psalmos
633 1527 703 1566 eo
735 1510 1008 1584 temporis
1035 1507 1376 1577 intervallo,
1432 1507 1588 1582 quod
1626 1506 1762 1565 inde
1796 1523 1834 1563 a
1871 1505 2059 1581 primo
2097 1505 2292 1564 reditu
2330 1526 2406 1567 cx

200 1594 561 1670 Babylonico
592 1592 774 1650 exilio
808 1610 990 1667 usquc
1023 1590 1099 1663 ad
1123 1598 1508 1649 restauratam
1536 1592 1881 1667 religionem
1914 1598 1973 1646 ct
1997 1590 2406 1666 rempublicam
2433 1622 2450 1635 ι

203 1678 501 1741 Iudaicam
538 1674 764 1734 effluxit
803 1673 976 1753 (quae
1003 1678 1125 1750 jam
1159 1672 1517 1732 Theodoreti
1554 1677 1914 1752 aliorumque
1949 1671 2190 1732 Petrum
2219 1674 2405 1734 Grae-

209 1781 413 1821 corum
442 1771 572 1818 erat
602 1762 924 1833 sententia,
980 1779 1150 1838 quam
1188 1768 1248 1816 et
1277 1758 1556 1836 Syriacus
1591 1758 1952 1817 Psalmorum
1987 1759 2273 1835 interpres
2310 1776 2406 1816 so-

207 1854 423 1924 quutus
451 1854 559 1918 est,
594 1844 713 1903 vid.
733 1834 1037 1923 ¹Tilingius
1068 1842 1245 1918 p.57.
1274 1853 1332 1900 et
1365 1844 1465 1903 59.
1493 1840 1668 1920 sqq.)‚
1707 1843 1884 1901 fuisse
1914 1844 2125 1919 partim
2156 1844 2408 1915 primum

209 1930 593 2005 compositos,
631 1931 874 2005 partim,
915 1931 968 1987 si
997 1931 1099 2006 qui
1122 1931 1243 2004 jam
1274 1938 1409 1985 ante
1438 1930 1804 2000 exstiterint,
1841 1926 2305 1985 accommodatos
2334 1928 2408 1986 ad

208 2033 302 2073 res
332 2015 502 2070 istius
536 2015 698 2085 aevi,
740 2024 912 2089 atque
940 2013 1007 2072 in
1036 2032 1215 2071 unum
1242 2011 1579 2070 fasciculum
1608 2013 1884 2070 collectos
1914 2011 1989 2069 ad
2019 2029 2184 2071 usum
2213 2013 2408 2088 publi·-

210 2117 361 2155 cum.
422 2095 534 2155 Cui
561 2099 878 2155 sententiae
902 2100 1150 2157 maxime
1178 2096 1333 2155 favet
1359 2094 1566 2153 horum
1594 2094 1956 2153 Psalmorum
1986 2106 2408 2175 argumentum.

208 2181 478 2258 Plerique
513 2183 668 2245 enim
706 2184 1012 2247 continent
1044 2191 1282 2258 ,questus
1321 2177 1392 2236 de
1435 2180 1569 2237 odio
1610 2189 1670 2237 et
1708 2180 2023 2236 inimicitia
2064 2182 2410 2255 vicinorum,

214 2267 284 2325 de
312 2275 608 2324 contemtu
643 2260 894 2323 hostium
927 2275 1225 2342 potentum
1257 2274 1316 2321 et
1345 2265 1743 2340 superborum,
1786 2263 1856 2321 de
1881 2265 2049 2321 malis
2077 2272 2136 2320 et
2159 2264 2411 2323 miseriis

209 2351 575 2430 gravissimis
611 2352 973 2422 sustentatis,
1013 2349 1113 2407 sed
1143 2347 1342 2406 divino
1372 2349 1597 2407 auxilio
1626 2347 1876 2406 feliciter
1904 2349 2209 2423 superatis.
2277 2347 2411 2407 vid.

217 2436 358 2507 120,
386 2435 448 2491 6.
479 2436 540 2492 7.
604 2435 743 2507 123,
774 2434 832 2491 3.
859 2435 920 2491 4.
962 2435 1120 2493 ’124.
1160 2442 1271 2491 tot.
1329 2434 1472 2504 129,
1502 2433 1711 2490 1—3.
1779 2432 1954 2501 ,Quae
1994 2433 2188 2490 omnia
2233 2432 2430 2491 simul*¹

212 2530 404 2577 sumta
432 2517 779 2592 reipublicae
803 2515 1080 2576 Judaicae
1112 2519 1293 2575 statui
1325 2520 1491 2575 unice
1519 2518 1874 2595 temporibus
1909 2516 2027 2573 iun
2060 2528 2426 2595 congruunt,

216 2621 362 2680 quae
411 2602 660 2659 reditum
709 2622 783 2660 ex
826 2602 1125 2680 Babylone
1169 2604 1433 2678 proxime
1488 2613 1626 2659 sunt
1679 2610 1941 2678 sequuta.
2024 2601 2211 2679 Atque
2255 2601 2410 2659 bunc

215 2684 443 2764 quidem
471 2684 766 2746 Psalmum
798 2685 1095 2768 Tilingius
1121 2696 1277 2745 recte
1308 2687 1517 2745 statuit
1555 2688 1850 2746 continere
1888 2687 2145 2761 querelas
2188 2687 2411 2762 populi,

214 2788 339 2828 non
369 2770 618 2846 amplius
654 2772 870 2830 detenti
898 2773 961 2829 in
993 2769 1297 2844 Chaldaea,
1342 2770 1442 2829 sed
1471 2770 1715 2846 reducti,
1755 2771 1823 2829 de
1852 2770 2076 2828 invidia
2107 2781 2166 2828 et
2193 2772 2412 2829 calum-³

216 2856 338 2912 niis
377 2854 634 2931 dolisque
671 2854 1169 2914 Samaritanorum
1210 2866 1384 2933 atque
1422 2858 1762 2932 populorum
1788 2854 2041 2913 Judaeae
2076 2855 2411 2928 confinium,

210 2941 322 3016 ‘qui
347 2936 578 2998 Iudaeis
607 2942 1088 2999 instaurationem
1120 2942 1308 2999 cultus
1342 2950 1400 2997 et
1432 2941 1784 3017 reipublicae
1819 2938 2186 3011 invidebant,
2241 2950 2413 3015 atque

217 3021 683 3082 aedificationem
704 3017 865 3082 urbis
895 3035 955 3082 et
984 3026 1180 3102 templi
1209 3036 1276 3083 ut
1307 3025 1653 3098 impedirent
1685 3041 1908 3082 omnem
1938 3025 2245 3082 movebant
2266 3024 2416 3099 lapi-

220 3108 370 3166 dem.
451 3108 540 3167 Ab
588 3110 666 3166 iis
707 3110 892 3188 igitur
930 3112 1090 3186 pacis
1130 3109 1529 3168 turbatoribus
1569 3119 1640 3167 ut
1679 3127 1849 3167 suum
1889 3111 2164 3186 populum
2205 3108 2414 3168 liberet

216 3189 401 3268 Deus,
440 3193 705 3270 precibus
746 3196 894 3268 petit
934 3193 1219 3255 Psalmus.

394 3322 455 3379 1.
532 3319 856 3379 Introducit
897 3332 1066 3398 poeta
1110 3322 1384 3399 populum
1427 3330 1599 3402 grato
1642 3322 1837 3379 animo
1882 3329 2420 3381 commemorantem

221 3406 480 3463 divinam
516 3406 909 3478 clementiam,
966 3422 1080 3482 qua
1114 3418 1286 3464 antea
1321 3425 1543 3481 semper
1582 3425 1775 3483 preces
1814 3405 1972 3463 illius
2010 3404 2415 3490 exaudiverat:

227 3488 496 3547 Clamavi
534 3489 618 3547 ad
651 3487 857 3547 Jovam
901 3490 965 3546 in
1008 3490 1295 3567 angustia
1332 3508 1478 3566 quae
1508 3489 1621 3547 fuit
1649 3487 1815 3563 mihi,
1853 3498 1915 3547 et
1957 3485 2273 3547 excudivit
2311 3509 2417 3547 me.

225 3574 389 3641 Quae
413 3572 592 3631 verba
624 3575 940 3648 respiciunt
968 3571 1123 3631 haud
1152 3573 1330 3631 dubie
1349 3572 1500 3630 illud
1530 3585 1782 3648 tempus,
1825 3592 1938 3651 quo
1965 3570 2112 3632 Jova
2138 3574 2419 3650 populum

225 3677 303 3716 ex
331 3659 664 3733 captivitate
692 3655 958 3731 reduxit,
1015 3668 1073 3715 ct
1099 3659 1172 3716 ad
1202 3677 1358 3732 spem
1389 3675 1647 3714 res-suas
1676 3659 1740 3715 in
1778 3660 2087 3735 pristinum
2114 3657 2421 3715 restitutas

223 3742 460 3799 videndi
485 3742 687 3799 erexit.
772 3740 886 3802 Hic
913 3739 1055 3822 ergo
1083 3741 1516 3800 idem-breviter
1543 3743 1879 3819 complexus
1910 3751 2000 3802 est
2028 3750 2229 3817 poeta,
2269 3739 2425 3816 quod

225 3827 513 3901 prolixius
569 3826 905 3903 exsequitur
956 3824 1263 3885 Nehemias
1322 3834 1383 3884 et
1447 3828 1790 3910 explicatius
1856 3828 1925 3886 in
1988 3826 2255 3884 oratione
2320 3840 2428 3884 sua

225 3907 348 3987 cap.
380 3912 444 3984 9,
477 3913 536 3969 6.
570 3928 693 3988 sqq.
1142 3927 1147 3934 ·

397 4037 460 4094 2.
541 4036 671 4096 Hac
699 4035 900 4096 divina
934 4029 1239 4114 clementia
1267 4043 1326 4095 et
1352 4037 1636 4096 facilitate
1664 4040 1730 4096 in
1757 4033 2043 4097 audiendo
2064 4033 2258 4102 fretus*
2278 4047 2430 4110 orat,

228 4120 378 4178 velit
408 4137 562 4192 nunc
593 4141 818 4200 quoque
849 4121 1040 4194 Deus,
1085 4140 1261 4199 quum
1298 4140 1514 4181 novum
1553 4124 1877 4181 immineret
1906 4120 2224 4196 periculum
2264 4140 2303 4188 a
2335 4140 2433 4179 ca-

230 4204 712 4278 lumniatoribus,
753 4225 815 4265 se
846 4206 1119 4265 liberare:
1171 4203 1414 4279 Libera,
1453 4205 1644 4279 Jova,
1686 4207 1941 4266 animam
1976 4220 2159 4261 meam
2202 4223 2241 4265 a
2279 4205 2434 4264 labio

232 4286 528 4359 mendaci,
572 4295 635 4345 et
674 4308 716 4349 a
754 4291 958 4368 lingua
999 4289 1260 4348 subdola.
1344 4292 1416 4348 ln
1459 4301 1597 4376 ιηη,
1685 4285 1837 4376 ῑῆαέξ
1873 4287 2178 4347 statuendo
2216 4300 2307 4346 est
2340 4290 2438 4347 vel

236 4372 499 4451 enallage
525 4380 712 4442 status
745 4374 995 4449 absoluti
1021 4393 1129 4452 pro
1158 4383 1519 4449 constructo,
1548 4394 1624 4435 ve
1674 4372 1846 4450 hujus
1876 4381 2032 4433 certe
2060 4373 2284 4452 ellipsis
2307 4381 2445 4451 post

1506 4523 1524 4548 l
