2807 4913
392 276 547 353 648
639 342 643 349 .
1274 280 1399 344 Pa.
1449 275 1615 360 132,
1674 293 1738 339 1.

397 481 677 531 mamas
718 461 935 521 matris
972 479 1158 534 enac,
1205 459 1532 521 roboratus
1570 476 1700 517 sun·
1739 459 1807 521 in
1849 459 2012 540 lego,
2051 461 2217 520 sicut
2255 459 2642 535 ablactatus,

400 554 489 613 ita
519 567 702 632 snper
730 566 822 607 ne
850 546 1054 609 anina
1083 565 1232 606 m.
1297 546 1530 663 Syru-l
1513 543 1765 605 hebraea
1793 548 1974 607 verbo
1999 549 2239 606 verbum
2262 549 2594 624 expressit.

1344 734 1464 795 Ps.
1524 736 1668 797 132.

578 852 853 912 Continet
895 866 1025 907 cum
1065 849 1486 911 confessionem
1523 852 1813 927 publicam
1845 853 1971 911 voti
1996 850 2271 910 Davidici
2308 851 2384 910 de
2413 851 2637 925 templo

410 937 764 1001 exstruendo
812 953 851 991 a
890 932 1020 992 Deo
1062 936 1402 1012 approbati,
1470 946 1597 996 tum
1647 936 2127 1011 declarationem,
2195 938 2491 1013 templum
2539 955 2642 993 ex-

411 1031 704 1084 structum
736 1017 925 1077 sedem
954 1016 1070 1078 Dei
1099 1028 1158 1078 et
1192 1021 1499 1101 religionis
1532 1041 1656 1081 esse
1685 1022 1921 1094 debere,
1960 1019 2203 1079 tandem
2216 1021 2643 1098 repetitionem

411 1106 815 1187 promissionis
864 1103 1096 1163 divinae
1142 1124 1247 1184 per
1286 1105 1613 1169 Nathanem
1649 1103 1870 1167 Dav-idi
1915 1105 2085 1166 datae
2127 1094 2196 1165 de
2239 1106 2643 1183 perpetuitate

419 1194 593 1274 regni
633 1192 776 1265 cius

588 1277 835 1350 „Quum
869 1269 1066 1330 David
1107 1270 1276 1352 (utor
1306 1276 1500 1334 verbis
1545 1273 1737 1334 Mosls
1774 1275 2106 1337 Amnum
2146 1275 2211 1332 in
2246 1270 2646 1353 Par-aphram·

417 1362 481 1421 t'n
520 1358 651 1420 Pss.
690 1379 746 1436 p.
778 1351 958 1434 757.)
1000 1377 1107 1433 pro
1148 1361 1454 1419 excellenti
1496 1379 1601 1417 sua
1639 1362 1887 1438 pietate,
1940 1379 2071 1436 post
2048 1369 2242 1437 quam
2288 1359 2366 1416 ad
2409 1362 2641 1439 regiam

417 1446 763 1528 dignitatem
795 1450 1172 1522 pervenerat,
1223 1461 1446 1522 semper
1478 1447 1543 1503 in
1579 1446 1774 1503 animo
1813 1444 2109 1502 habuisset
2147 1442 2464 1502 aedificare
2503 1456 2642 1502 tem-

419 1535 614 1610 plum,
650 1531 717 1587 in
747 1545 862 1607 quo
893 1527 1186 1587 locaretur
1221 1526 1373 1586 Arca
1399 1528 1679 1602 Domini,
1718 1548 1864 1607 quae
1903 1529 1977 1586 ad
2009 1529 2155 1587 illud
2193 1546 2378 1605 usque
2411 1538 2641 1605 tempus

419 1617 526 1676 sub
554 1613 812 1673 tentorro
841 1608 1053 1685 fuerat,
1082 1619 1141 1667 et
1165 1630 1240 1672 ex
1265 1613 1449 1671 loco
1431 1634 1494 1674 ιιι
1522 1616 1711 1672 locum
1741 1616 2118 1695 migraverat,
2140 1613 2307 1671 nullo
2334 1612 2644 1671 domicilio
2727 1638 2728 1641 ¹

418 1701 574 1773 ἦχος
623 1697 739 1757 hoc
777 1704 971 1753 tamen
1009 1713 1187 1774 grave
1225 1709 1522 1774 peccatam
1554 1700 1876 1771 commisit,
1932 1696 2119 1775 quod,
2155 1707 2224 1755 ut
2254 1698 2605 1755 recitatur·
2586 1715 2645 1754 ιιι
2728 1654 2730 1737 ¹

416 1783 668 1845 historia
702 1798 898 1853 sacra,
937 1781 1210 1855 populum
1240 1784 1465 1841 censeri
1492 1793 1552 1841 et
1583 1783 1934 1841 dinumerari
1959 1785 2159 1856 jussit.
2241 1782 2328 1841 Ea
2362 1781 2439 1839 de
2469 1799 2646 1859 causa
2730 1750 2732 1817 ¹

418 1867 580 1928 Deus
623 1866 786 1923 misit
831 1864 1159 1943 Angelum,
1226 1869 1328 1944 qui
1369 1866 1648 1928 horribili
1693 1869 2022 1945 pestilentia
2064 1877 2236 1943 atque
2279 1867 2644 1924 mortalitate

421 1961 680 2012 erratum
709 1949 855 2006 illud
887 1950 1240 2032 castigaret,
1299 1963 1359 2009 et
1397 1971 1526 2010 cum
1555 1953 1678 2027 jam
1717 1954 2088 2031 septuaginta
2116 1951 2304 2008 millia
2331 1949 2647 2008 hominum

422 2037 760 2105 occidisset,
804 2042 864 2090 et
894 2034 958 2089 in
991 2052 1059 2090 eo
1090 2045 1252 2108 erat,
1289 2046 1358 2094 ut
1382 2036 1828 2117 Hierosolymae
1859 2038 1974 2114 ipsi
2003 2037 2344 2108 imminens,
2389 2034 2646 2092 horrcn-

424 2122 560 2180 dam
606 2118 776 2177 illam
815 2128 1072 2197 stragem
1122 2120 1286 2179 edere
1340 2131 1770 2198 perseveraret,
1835 2120 2096 2179 cohibuit
2147 2138 2278 2178 eum
2327 2117 2646 2179 efficacitas

424 2222 661 2282 precum
688 2212 748 2260 et
778 2202 1217 2279 sacrificiorum,
1259 2224 1406 2282 quae
1433 2203 1629 2264 David
1656 2204 1788 2264 Deo
1821 2207 2038 2263 obtulit
2068 2206 2130 2263 in
2164 2221 2320 2275 area,
2361 2214 2548 2279 quam
2578 2204 2646 2261 ob

428 2290 675 2349 Ornano
705 2284 985 2345 Jebusaeo
1016 2288 1082 2344 in
1112 2308 1241 2347 eum
1282 2291 1454 2349 finem
1498 2300 1949 2368 comparaverat.
2034 2288 2230 2346 Tanta
2274 2297 2476 2346 autem
2523 2298 2651 2345 tum

423 2374 541 2432 fuit
570 2372 685 2433 Dei
716 2390 859 2450 erga
887 2368 1171 2433 Davidem
1198 2375 1465 2447 bonitas,
1520 2384 1590 2434 ut
1616 2393 1739 2434 non
1773 2375 1943 2433 modo
1973 2374 2063 2430 illi
2091 2382 2388 2449 peccatum
2421 2371 2650 2430 condo-

426 2467 631 2531 naret,
672 2470 731 2516 et
768 2460 996 2535 plagam
1038 2458 1105 2514 in
1135 2461 1307 2518 caede
1345 2461 1462 2518 ista
1494 2462 1756 2533 sisteret,
1799 2460 1903 2517 sed
1932 2461 2107 2517 etiam
2138 2468 2487 2534 testaretur,
2534 2456 2652 2515 sibi

424 2561 776 2624 magnopere
807 2542 1032 2617 placere
1063 2541 1409 2603 desiderium
1439 2543 1782 2603 aedificandi
1809 2544 2064 2628 Templi,
2101 2543 2256 2621 quod
2287 2562 2521 2619 semper
2550 2545 2652 2599 ille

429 2648 567 2710 prae
596 2647 658 2684 se
687 2626 932 2708 tulerat,
974 2635 1032 2683 et
1061 2628 1299 2687 locum
1281 2649 1346 2687 ιιι
1373 2648 1488 2707 quo
1516 2630 1799 2688 sacrificia
1830 2624 2142 2701 obtulerat,
2185 2630 2241 2685 ei
2268 2630 2356 2686 rei
2384 2628 2655 2686 dicatum

429 2732 555 2777 esse
588 2711 976 2791 significavit,
1032 2730 1231 2802 unuy
1246 2713 1359 2772 hoc
1387 2716 1743 2788 reservavit,
1800 2715 1954 2792 quod
1984 2712 2183 2772 aedem
2212 2700 2383 2771 istam
2417 2730 2654 2770 sacram

428 2798 694 2857 construi
733 2813 769 2852 a
810 2793 1124 2864 Salomone
1161 2800 1355 2858 voluit
1394 2797 1545 2876 (vid.
1581 2797 1764 2857 lchr.
1798 2798 2360 2871 21,18.26—30.‘
2400 2797 2511 2870 22,
2545 2796 2656 2871 1..)

426 2880 495 2941 Id
527 2881 811 2940 Salomon
842 2889 1042 2983 postea
1073 2872 1646 2962 magnificentissime
1675 2891 2027 2960 exsequutus
2061 2892 2152 2946 est
2187 2880 2258 2956 (2
2276 2878 2409 2938 Chr.
2443 2883 2508 2952 3,
2541 2884 2600 2939 1.
2606 2882 2656 2956 ),

430 2975 493 3024 et
520 2965 779 3041 proxime
809 2961 885 3020 ad
915 2968 1042 3025 veri
1073 2967 1513 3028 similitudinem
1542 2968 1783 3040 accedit,
1823 2967 1977 3026 hunc
2010 2966 2299 3028 Psalmum
2329 2966 2408 3022 ab
2429 2985 2503 3022 eo
2546 2968 2659 3024 illa

434 3051 506 3108 de
542 3066 717 3106 causa
734 3052 1130 3125 compositum
1167 3051 1383 3128 fuisse,
1438 3062 1507 3111 ut
1542 3053 1616 3110 ad
1653 3051 2251 3122 commemorationem
2293 3068 2492 3108 rerum
2527 3052 2660 3124 jam

430 3134 896 3222 praeteritarum,
939 3146 996 3192 et
1026 3153 1246 3208 earum,
1276 3157 1420 3214 quas
1446 3134 1607 3195 Deus
1633 3137 1841 3214 pietati
1866 3133 2154 3196 Davidis'
2138 3153 2201 3192 m
2231 3147 2453 3209 tempus
2486 3132 2660 3192 futu·

430 3216 563 3277 rum
609 3207 1030 3293 spoponderat,
1087 3221 1406 3281 solenniter
1439 3217 1766 3282 caneretur.
1849 3218 2038 3299 Atque
2067 3215 2477 3292 Salomonem,
2529 3237 2660 3276 non

430 3320 571 3359 vero
599 3298 915 3401 Davidem,
973 3311 1044 3359 ut
1086 3306 1360 3364 nonnulli
1397 3324 1474 3363 ex
1511 3302 1788 3362 Hebraeis
1830 3314 2074 3381 putant,
2128 3302 2304 3360 hocce
2342 3299 2662 3361 Canticum

431 3386 844 3461 composuisse,
888 3373 1183 3460 probabile
1210 3389 1353 3447 facit
1384 3408 1516 3448 cum
1541 3392 1793 3489 occasio,
1836 3400 1960 3472 tum
1988 3390 2162 3447 etiam
2191 3388 2253 3444 id
2280 3388 2435 3465 quod
2465 3386 2567 3443 Vs.
2599 3389 2661 3444 8.

433 3469 494 3526 9.
526 3479 586 3527 ct
622 3473 717 3530 10.
756 3471 1103 3534 continetur.
1187 3473 1543 3551 Usurpatum
1580 3474 1735 3548 enim
1769 3473 1887 3536 fuit
1928 3466 1964 3529 a
1995 3473 2352 3531 Salomone
2335 3491 2396 3528 ιιι
2434 3470 2665 3528 celebri

432 3554 540 3611 illa
583 3554 947 3633 precatione,
991 3574 1138 3635 qua,
1182 3568 1249 3620 ut
1276 3557 1527 3618 refertur
1562 3555 1756 3618 2Chr.
1790 3560 1852 3632 6,
1877 3558 1975 3613 41.
2002 3558 2139 3629 42„
2187 3554 2494 3629 Templum
2531 3560 2666 3632 jam

434 3638 762 3695 absolutum
797 3644 1174 3700 consecravit.
1178 3643 1220 3676 ‘⁶
1295 3641 1564 3704 Ceterum
1600 3653 1661 3701 et
1693 3645 1759 3700 in
1790 3642 2153 3699 dedicatione
2181 3640 2384 3715 templi
2412 3640 2669 3700 secundi

434 3739 667 3779 carmen
704 3731 972 3782 nostrum
1009 3736 1350 3803 usurpatum
1386 3726 1600 3800 fuisse,
1662 3725 1917 3786 ostendit
1953 3724 2066 3782 hoc
2108 3727 2338 3800 ipsum,
2385 3725 2551 3800 quod
2583 3723 2665 3783 15

434 3805 676 3863 illorum
721 3807 1082 3882 carminum,
1154 3814 1448 3896 communi
1492 3809 1758 3886 177357237,
1803 3811 1963 3880 *affin
2013 3811 2186 3870 titulo
2235 3808 2672 3886 insignitarum

434 3886 717 3948 fasciculo
764 3891 1049 3951 insertum
1090 3906 1197 3952 est.

609 4004 1058 4068 1.1nduoitur
1091 4011 1295 4085 primis
1328 4014 1603 4071 carminis
1633 4009 1761 4069 Vss.
1791 4014 2103 4071 universus
2138 4002 2415 4087 popum,
2468 3967 2677 4067 Deum

314 4159 323 4168 ι
439 4086 734 4146 obtestans
751 4129 770 4161 ,
827 4099 894 4148 ut
934 4093 1185 4153 declaret
1230 4114 1292 4154 se
1328 4116 1640 4158 memorem
1681 4115 1805 4155 esse
1840 4095 2088 4154 Davidis
2126 4095 2497 4169 omniumque
2542 4096 2676 4167 ejus

439 4172 901 4232 sollicitudinum
934 4180 997 4235 in
1028 4178 1236 4239 ardore
1265 4164 1540 4239 desiderii
1574 4174 1835 4261 ingentis
1867 4180 1995 4251 sui,
2051 4196 2165 4254 quo
2200 4176 2483 4252 expetivit
2518 4187 2678 4235 tem·

440 4255 599 4330 plum
626 4246 855 4315 Jovano
895 4264 1084 4321 cultui
1123 4283 1350 4323 sacrum
1389 4266 1657 4325 condere.
1742 4263 2051 4322 Tribuitur
2080 4261 2193 4319 hoc
2222 4260 2410 4318 laudis
2443 4259 2680 4320 Davidi

445 4337 637 4396 'mlum
654 4380 675 4412 s
718 4343 876 4418 quod
905 4344 975 4404 de
1009 4349 1336 4425 quaerenda
1368 4351 1574 4427 templi
1602 4349 1735 4409 sede
1763 4348 1945 4406 fuerit
1973 4348 2278 4407 sollicitus.
2349 4344 2487 4408 Non
2515 4348 2683 4404 enim

1094 4538 1318 4621 ..δ’
