2807 4913
1111 253 1526 343 Ρε..9ο,9
1938 303 1943 308 ,
2283 249 2487 326 5151

209 458 421 501 nomen
469 436 602 499 Job.
634 439 886 514 20,11.
932 439 1207 498 occurrit.
1290 435 1491 505 Possit
1540 435 1822 497 Pluralis
1846 435 2139 499 defective·
2180 417 2434 572 scriptus

207 547 333 586 esse
373 545 483 604 pro
527 520 782 615 afflabit,
821 523 893 582 cf.
930 527 1186 618 nint-20³
1225 540 1403 601 supra
1436 522 1669 598 19,13.

381 678 444 734 9.
527 674 706 756 Hisce
739 676 987 751 peccatis
1020 678 1240 735 nostris
1271 677 1362 734 ira
1394 684 1497 731 tua
1525 674 1763 732 irritata
1795 667 1958 748 facit,
2000 682 2071 734 ut
2096 685 2215 736 tam
2249 677 2431 739 simus
2516 669 2523 680 ’

211 763 411 821 miseri
451 769 510 817 et
542 745 804 846 evanidi,
864 770 922 817 et
956 770 1076 818 tam
1109 763 1376 820 celeriter
1407 760 1617 817 abeant
1652 759 1775 817 dics
1807 761 1961 818 vitae
1995 769 2263 818 nostrae..
2332 776 2433 854 υς

167 887 177 898 ,
220 847 479 905 Vertunt
521 863 604 917 se,
647 838 953 919 abeuntes,
997 847 1045 902 i.
1067 867 1116 903 e.
1142 853 1486 916 transeunt3
1546 843 1623 899 cf.
1658 853 1782 900 not.
1813 846 1889 903 ad
1919 841 2034 903 Jer.
2067 847 2127 916 6,
2161 848 2222 902 4.
2308 847 2431 907 He-
2526 883 2530 890 ,

210 930 566 991 mistichium
613 932 922 1007 posterius
941 928 1260 988 Chaldaeus
1304 928 1415 986 hoe
1455 927 1626 987 modo
1666 927 1948 987 reddidit.
2008 924 2431 991 consumsimus

213 1019 355 1075 dies
378 1015 543 1071 vitae
588 1023 835 1071 nostrae
877 1024 949 1072 ut
991 1012 1242 1072 halitum
1283 1015 1411 1070 oris
1452 1014 1517 1070 in
1554 1010 1773 1088 hyeme.
1859 1015 2082 1082 Quibus
2120 1009 2428 1090 postremis

212 1101 405 1159 verbis
456 1101 747 1175 expressit
790 1096 1069 1157 Hebraici
1119 1110 1252 1188 ’.Ἶῇη
1294 1116 1558 1169 sensum,
1624 1111 1659 1154 a
1701 1100 2122 1156 recentioribus
2164 1100 2284 1158 fere
2326 1120 2430 1161 ne-

211 1187 501 1266 glectum,
550 1182 744 1259 neque
786 1193 979 1240 tamen
1019 1178 1258 1262 prorsus
1295 1179 1738 1259 repudiandum.
1822 1182 1959 1257 Bis,
2014 1192 2242 1258 praeter
2275 1184 2432 1245 hunc

181 1271 439 1341 docum,
489 1285 702 1326 nomen
744 1267 892 1324 illud
939 1269 1235 1340 occurrit,
1297 1267 1427 1326 Job.
1459 1268 1565 1340 37,
1594 1268 1690 1340 2.,
1752 1268 1848 1325 ubi
1894 1286 2100 1344 parum
2143 1268 2432 1331 diversam

212 1359 249 1416 a
294 1355 530 1412 nomine
576 1349 688 1438 ξἰρ
738 1341 1225 1430 significationem
1272 1351 1520 1424 habere,
1592 1350 2093 1410 hemistichiorum
2138 1352 2223 1410 ibi
2265 1353 2436 1414 docet

214 1439 663 1518 parallelismus,
707 1447 766 1494 et
797 1436 902 1495 Ez.
927 1438 989 1509 2,
1024 1441 1142 1504 10.,
1178 1437 1282 1495 ubi
1316 1438 1600 1514 gemitum
1635 1446 1824 1516 notat,
1866 1437 2341 1514 quemadmodum
2374 1449 2434 1497 et

214 1524 510 1583 verbum
497 1532 630 1609 *5327
676 1540 907 1598 gemere
948 1521 1242 1602 significat
1288 1520 1432 1599 (vid.
1460 1516 1580 1580 Jes.
1610 1522 1714 1594 38,
1747 1523 1849 1580 14.
1895 1521 2132 1590 59,11.
2182 1519 2299 1579 Jer.
2326 1523 2434 1596 48,

214 1606 367 1686 31..)
457 1587 703 1664 Videtur
744 1615 937 1664 autem
979 1606 1092 1665 hoc
1134 1605 1826 1688 ὠνοματοπεποιημὲνον
1868 1624 2012 1677 esse,
2059 1607 2436 1688 suspirantis
2518 1629 2525 1634 ’

215 1690 542 1751 anhelitum
584 1693 946 1767 exprimens,
1011 1692 1163 1750 unde
1205 1713 1325 1752 non
1373 1693 1595 1751 absona
1646 1694 1978 1767 conjectura
2018 1692 2235 1764 fuerit,
2299 1701 2382 1777 173
2350 1703 2437 1780 3³¹3

213 1780 405 1854 primo
447 1787 505 1834 et
544 1778 779 1851 proprie
815 1774 1156 1852 anhelitum,
1198 1779 1559 1856 italicumque
1604 1779 1927 1857 designare.
2011 1778 2162 1850 Alii,
2200 1779 2436 1836 nomine

217 1875 354 1949 »7317
397 1881 501 1934 eo,
559 1880 725 1938 quem
762 1862 889 1918 loco
920 1860 1166 1920 Jobiano
1197 1864 1402 1937 habet,
1442 1863 1784 1943 significatu
1818 1873 2051 1939 accepto
2080 1881 2312 1920 sensum
2343 1862 2436 1919 fa-

216 1926 381 2004 ciunt
421 1945 608 2003 hunc.
669 1946 1161 2021 praeterferuntur
1197 1961 1254 2007 et
1292 1958 1645 2006 evanescunt
1676 1948 1830 2011 vitae
1863 1959 2102 2006 nostrae
2133 1948 2255 2006 dies
2282 1946 2436 2006 'sicut

142 2040 162 2062 ⁴
217 2033 455 2094 verbani
491 2033 761 2089 emissum
793 2032 856 2087 in
887 2038 1078 2089 aerem
1114 2036 1316 2092 statim
1349 2033 1728 2103 dissolvitur,
1786 2051 1968 2108 neque
2006 2035 2275 2090 revocari
2308 2052 2434 2090 am-

217 2119 370 2193 plius
407 2122 618 2192 potest.
702 2117 854 2187 Alii,
898 2120 1125 2174 nomini
1165 2129 1306 2201 rc3r5
1342 2115 1739 2193 cogitationis
1780 2118 2079 2173 notionem
2114 2107 2436 2175 tribuentes
2494 2141 2495 2144 ¹

217 2199 537 2280 (significat
567 2202 719 2258 enim
748 2202 982 2257 verbum
1019 2210 1151 2287 πξΠ
1184 2212 1412 2277 praeter
1441 2200 1564 2256 alia
1592 2207 1652 2256 et
1687 2197 2022 2276 meditari),
2065 2200 2228 2258 sicut
2271 2197 2439 2277 cogi·
2486 2229 2489 2230 ⁷

139 2288 152 2293 '
222 2287 380 2342 tatio
417 2288 897 2382 interpretantur.
982 2284 1061 2341 Et
1073 2266 1237 2343 dicit
1270 2287 1446 2342 etiam
1476 2282 1763 2341 Homerus
1799 2284 1868 2341 de
1900 2303 2112 2366 magna
2144 2286 2438 2342 celeritate

179 2434 184 2442 ,
220 2394 306 2441 ως
326 2365 607 2474 ἥπτερον
647 2364 714 2448 ἥε
756 2361 970 2442 νόημα.
1057 2367 1137 2428 Et
1181 2371 1244 2426 in
1285 2368 1521 2447 Hymno
1568 2370 1632 2425 in
1666 2367 2016 2427 Mercurium
2061 2368 2158 2426 Vs.
2192 2370 2295 2427 43.
2352 2363 2438 2438 ὥς

219 2452 285 2519 δ’
320 2449 511 2519 ὁπότ’
552 2449 672 2515 ὠκὺ
711 2446 907 2530 νόημα
951 2446 1056 2514 διὰ
1102 2454 1373 2533 στέριοιο
1419 2447 1670 2533 στερήσει
1711 2447 1943 2532 ἀνέρος.
2029 2455 2216 2530 Atque
2244 2451 2441 2513 Theo-

219 2543 358 2645 gnis
396 2540 721 2639 juventutis
761 2557 947 2597 annos
993 2542 1372 2619 cogitationis
1412 2543 1598 2597 instar
1646 2538 1846 2639 fugere
1891 2539 2034 2601 dicit
2075 2538 2186 2596 hoc
2221 2535 2437 2597 Versu:

224 2621 402 2704 Αἴψα
444 2622 559 2705 γὰρ
607 2615 756 2686 ὥστε
797 2616 997 2704 νόημα
1038 2626 1405 2707 παρέρχεται
1449 2620 1668 2701 ἅγλαος
1708 2616 1852 2704 ἥβη.
1941 2622 2004 2680 1ιι
2045 2620 2441 2723 Alexandrina

222 2712 604 2769 translatione
635 2708 843 2767 Versus
879 2711 1069 2768 nostri
1099 2712 1276 2769 verba
1309 2719 1601 2785 postrema
1633 2711 1717 2765 ita
1748 2709 1974 2767 reddita
2007 2711 2313 2789 leguntur·
2360 2702 2443 2769 τὰ

221 2795 330 2876 ἔτη
372 2790 539 2873 ἡμων
582 2817 667 2863 ως
711 2786 941 2876 ἀοὰχνη
983 2792 1296 2871 ἐμελέτων,
1343 2814 1489 2873 quae
1527 2791 1812 2873 Vulgatus
1854 2794 1996 2850 anni
2036 2792 2257 2857 nostri
2277 2792 2442 2850 sicut

227 2899 458 2940 aranea
491 2878 962 2954 meditabuntur,
993 2883 1407 2958 interpretatus
1437 2888 1544 2937 est.
1604 2919 1644 2951 ,‚
1628 2878 2002 2948 ‚Lubricus,“
2046 2879 2237 2954 inquit
2264 2868 2442 2957 Agel-

224 2969 373 3038 lius,
418 2975 563 3039 „est
592 2964 786 3038 locus,
831 2974 916 3037 et,
953 2974 1020 3022 ut
1046 2977 1208 3042 puto,
1251 2968 1317 3023 in
1347 2961 1521 3023 LXX
1556 2959 1853 3021 additione
1882 2965 2120 3020 alterius
2155 2963 2446 3037 interpre-
2518 2980 2521 2985 ·

224 3051 467 3122 tationis
506 3048 882 3122 obscuratus,
927 3067 1059 3107 nam
1095 3059 1263 3138 πῇη,
1307 3047 1462 3127 quod
1499 3043 1781 3128 ἆράχιηι,
1828 3062 2144 3116 araneam,
2182 3054 2444 3105 transtu·

225 3136 458 3206 lerunt,
523 3143 581 3190 et
626 3130 933 3208 ἐμελέτων,
988 3114 1455 3207 meditabuntur,
1513 3133 1764 3210 ejusdem
1811 3133 2097 3189 dictionis
2125 3128 2447 3189 Hebraicae

228 3229 370 3278 sunt
411 3220 952 3294 interpretationes,
1015 3230 1073 3276 et
1113 3221 1523 3297 interpretem,
1567 3220 1667 3297 qui
1708 3213 1994 3292 ἐμελέτων
2034 3218 2246 3285 vertit,
2299 3223 2444 3291 puto

228 3313 412 3391 r32-372
445 3304 689 3383 legisse,
734 3312 792 3359 et
827 3302 1117 3384 ἐμελέτων
1150 3306 1367 3380 primae
1397 3323 1674 3379 personae
1711 3321 1870 3375 esse,
1929 3300 2085 3377 quod
2115 3293 2327 3356 elarius
2361 3301 2449 3356 sic

207 3370 535 3467 ,tratisferri
593 3396 820 3462 posset:
804 3430 854 3457 .,
897 3391 1043 3446 anni
1102 3390 1300 3447 nostri
1354 3398 1636 3465 tanquam
1696 3387 1755 3443 si
1808 3385 2174 3458 meditarer,
2251 3385 2449 3459 itaque

229 3473 473 3531 seorsim
505 3469 644 3527 haec
675 3469 823 3543 duo,
866 3486 923 3532 et
956 3491 1215 3547 aranea,
1260 3483 1319 3530 et
1357 3472 1707 3541 meditatio,
1748 3469 2088 3547 explicanda
2119 3477 2289 3540 sunt,
2331 3486 2465 3524 non¹

230 3559 298 3615 in
331 3556 567 3613 eandem
604 3558 948 3615 sententiam
986 3559 1243 3636 cogenda
1276 3568 1334 3615 et
1364 3554 1785 3613 confundenda.
1870 3552 1954 3611 Ut
1983 3568 2123 3632 ergo
2161 3555 2223 3610 in
2260 3551 2449 3631 signi-

227 3642 498 3699 ficatione
542 3638 873 3698 meditandi
912 3642 1152 3699 Versum
1182 3657 1569 3719 exponamus·
1616 3634 1758 3698 anni
1790 3642 2001 3711 nostri,
2047 3638 2257 3714 inquit,
2301 3646 2450 3692 tam-

232 3744 402 3802 quam
445 3724 668 3802 syllaba
709 3732 768 3779 et
803 3745 920 3783 vox
951 3745 1069 3784 una
1108 3728 1341 3801 prolata
1372 3734 1751 3783 evanuerunt
1756 3725 1797 3757 “
1881 3720 2044 3780 Duas
2076 3723 2251 3779 unius
2288 3719 2452 3776 vocis

238 3818 373 3898 '73'07
411 3811 709 3868 versiones
750 3807 1122 3868 librariorum
1158 3812 1388 3867 incuria
1417 3811 1481 3867 in
1515 3808 1795 3867 hodierno
1828 3818 1992 3866 textu
2020 3800 2453 3864 Alexandriana

237 3888 523 3955 versionis
558 3891 868 3967 coaluisse,
911 3906 978 3953 ut
1000 3897 1120 3969 jam
1151 3896 1408 3996 A‘gellius
1439 3895 1697 3968 conjicit,
1729 3914 1809 3952 eo
1839 3890 2072 3950 videtur
2099 3886 2454 3955 confirmari,

235 3976 393 4052 quod
428 3988 485 4035 et
514 3978 701 4055 Syrus
738 3977 1060 4057 interpres,
1102 3981 1203 4057 qui
1242 3987 1299 4036 et
1341 3980 1487 4036 alias
1527 3981 1857 4055 saepissime
1897 3995 2025 4034 cum
2055 3971 2455 4031 Alexandrino

241 4064 546 4133 convenit,
605 4061 689 4117 sic
732 4065 1016 4123 reddidit.
1075 4074 1137 4122 et
1180 4066 1529 4136 defecerunt
1574 4064 1720 4121 anni
1765 4060 1968 4120 nostri
2007 4059 2168 4116 sieut
2209 4068 2461 4111 aranea.

241 4144 618 4203 BOCHARTUS
672 4146 735 4200 in
778 4148 1039 4207 Hieroz.
1087 4144 1161 4206 Τ.
1194 4148 1296 4207 111.
1338 4169 1392 4224 p.
1427 4147 1566 4206 501.
1610 4164 1884 4225 graecum
1930 4148 2303 4217 interpretem
2350 4157 2478 4215 pro

211 4231 395 4306 ‘57:23,
439 4243 566 4289 una»
590 4232 761 4286 litera
791 4234 1022 4308 addita,
1064 4244 1230 4312 putat
1249 4236 1478 4317 legisse
1518 4228 1681 4327 ὲύιὲ
1720 4240 1791 4288 ut
1832 4238 2090 4300 aranea,
2130 4243 2275 4305 quae
2306 4223 2464 4282 Ars·-

239 4308 367 4401 bic&
412 4310 525 4381 ⁹:772
575 4323 634 4374 et
679 4307 841 4379 3⁹:772
881 4328 1151 4380 vocatur.

1676 4410 1881 4476 Kkz
1982 4384 1989 4393 ’
