2807 4913
908 268 1027 334 Pe.
1080 264 1192 350 15,
1236 265 1299 333 5.
1384 268 1511 333 Pe.
1555 261 1669 331 16.
2189 321 2194 324 ,
2293 262 2392 336 95

361 452 422 511 5.
512 449 684 541 Ἶιρπι
728 458 883 539 ἴω·
896 446 992 514 ub
1023 452 1183 510 'asez
1228 447 1353 517 Qui
1387 455 1705 525 argentum
1745 463 1915 508 suum
1954 466 2071 506 non
2104 450 2233 523 dat,
2279 469 2400 511 non

181 540 428 613 exponit
475 539 561 595 ad
573 521 837 609 msoenus.
920 530 1173 593 Usurax'n
1215 552 1251 589 a
1295 535 1565 610 populari
1611 536 1876 614 exigere,
1929 536 2082 613 lege.
2098 536 2398 611 prohibuit

180 622 412 696 MoseS,
467 622 583 681 Ex.
612 623 728 694 22,
757 623 860 679 24.
902 619 1036 677 Lev.
1068 617 1173 688 25,
1197 620 1300 675 36.
1348 618 1488 675 coll.
1517 616 1694 676 Dent.
1722 620 1840 688 22,
1870 620 1977 676 19.
2003 621 2102 677 20.
2147 620 2258 682 Ez.
2296 623 2397 693 18,

184 710 362 764 8.13.
422 706 664 766 Faenus
694 714 883 762 autem
912 724 950 761 a
976 702 1287 760 mordendo
1321 701 1446 788 ηιρ3
1472 702 1707 802 dicitur,
1746 704 1901 781 quod
1931 713 2078 761 tecte
2106 703 2399 764 hominem

185 792 456 864 mordet,
516 792 679 849 rodit
730 799 791 846 et
841 788 1076 847 conficit
1125 806 1220 844 res
1274 789 1574 853 usuraria3
1649 790 1772 847 sive
1825 789 1981 864 quod
2035 790 2110 846 ad
2161 799 2398 849 usuram

187 877 324 933 dans
378 898 450 935 eo
502 871 670 951 pacto
715 874 846 946 dat,
890 883 961 930 ut
1004 871 1225 947 aliquid
1267 872 1336 927 de
1380 870 1550 927 bonis
1590 873 1744 944 ejus,
1802 873 1899 929 cui
1943 869 2078 944 dat,
2122 867 2399 971 tanquam

191 980 387 1019 morsu
436 960 735 1019 auferat.
770 953 922 1055 ΠΡ)
967 952 1051 1019 &b
1111 969 1271 1044 Ρ3·
1288 951 1368 1033 ⁹:³2
1411 950 1583 1017 ''zmil-²7
1639 954 1853 1018 Munus
1895 954 2179 1016 adversus
2227 959 2399 1016 imco-

193 1056 416 1103 centem
458 1043 678 1101 nullum
717 1043 987 1119 accipit,
1054 1041 1095 1097 i.
1144 1059 1193 1095 e.
1248 1057 1368 1097 non
1413 1036 1582 1096 sinit
1598 1059 1659 1097 se
1702 1042 1945 1116 pecunia
1988 1048 2092 1098 aut
2141 1044 2399 1100 mercede

192 1132 512 1205 corrumpi,
542 1131 597 1184 si
615 1128 795 1202 judex
826 1126 1039 1197 sedeat,
1065 1132 1132 1180 ut
1160 1125 1524 1181 innocentem
1555 1125 1909 1183 condemnet.
1959 1124 2045 1183 Cf.
2079 1127 2190 1184 Ex.
2219 1129 2320 1198 23,
2339 1129 2399 1185 6.

183 1213 683 1311 Deut.16,19.
770 1210 1165 1288 Subjungitur
1207 1207 1584 1308 epiphonema
1637 1219 1694 1266 et
1741 1212 2033 1266 conclusio
2088 1209 2399 1269 carminis.

188 1287 284 1363 ‘¹1:47
326 1302 479 1377 Γιιρὸν
516 1296 636 1366 Qui
663 1293 845 1366 facit
878 1292 1062 1367 haee,
1101 1291 1192 1349 his
1225 1293 1395 1349 rebus
1426 1295 1527 1369 qui
1555 1293 1875 1365 studuerit,
1920 1312 2032 1350 non
2076 1295 2402 1355 movebitur

187 1402 488 1461 unquam,
537 1384 580 1438 i.
611 1402 657 1437 e.
703 1380 913 1458 dignus
952 1388 1079 1450 est,
1120 1380 1220 1452 qui
1248 1395 1468 1452 semper
1506 1388 1692 1434 tecum
1724 1379 2075 1449 diversetur,
2134 1391 2304 1456 atque
2335 1383 2402 1437 in

191 1472 366 1528 domo
410 1470 526 1525 tibi
559 1474 786 1522 sacrata
817 1471 1224 1520 commovetur.
1311 1457 1485 1519 Sive.
1525 1481 1644 1518 non
1677 1463 1929 1532 labetur,
1981 1482 2097 1520 non
2132 1481 2401 1540 praeceps

192 1564 360 1626 ruet,
405 1553 513 1611 sed
547 1549 757 1621 stabit,
799 1546 927 1605 Deo
963 1566 1094 1605 eum
1129 1547 1440 1621 adjuvante
1481 1556 1540 1605 et
1578 1547 1926 1606 continente.

1168 1738 1284 1799 Ps.
1349 1739 1446 1800 16.

369 1854 632 1915 Davides
680 1856 744 1913 in
790 1865 1046 1914 extremo
1091 1855 1426 1913 discrimine
1472 1874 1541 1912 ac
1597 1853 1968 1916 dimicatione
2024 1856 2292 1916 fortunae
2346 1867 2408 1917 et

200 1943 359 1999 vitae
401 1942 673 2004 ardentes
699 1935 791 1996 'ad
851 1939 1054 1998 Jovam
1093 1958 1287 2018 preces
1334 1938 1561 2013 fundit,
1626 1942 1771 1999 velit
1817 1943 2002 2018 ipsum
2047 1962 2407 2016 conservare,

95 2037 103 2044 “
203 2027 640 2103 periculumque
683 2009 754 2082 ab
798 2027 984 2105 ipsius
1030 2028 1214 2100 capite
1257 2027 1630 2100 propulsare,
1704 2027 1909 2101 quibus
1955 2030 2410 2086 consolationem

202 2113 443 2181 miscet,
490 2127 524 2165 a
561 2109 806 2181 fiducia,
847 2128 1016 2185 quam
1049 2112 1113 2166 in
1143 2102 1293 2167 Jova
1319 2118 1535 2180 ponat,
1575 2111 1850 2184 petitam,
1905 2114 2131 2183 prolixe
2164 2122 2408 2168 testatus

205 2196 276 2251 de
321 2214 428 2265 eo,
492 2193 646 2290 quod
689 2196 874 2250 solum
915 2214 1043 2249 eum
1081 2212 1281 2250 verum
1325 2190 1512 2249 Deum
1556 2195 1740 2263 colat,
1796 2194 2090 2270 ipsumque
2124 2207 2180 2252 et
2210 2213 2412 2254 verum.

204 2281 422 2335 cultum
463 2278 590 2348 ejus
632 2296 916 2333 summum
944 2278 1157 2334 bonum
1185 2296 1307 2334 esse
1336 2286 1589 2350 statuat3
1644 2288 1768 2333 tum
1814 2280 1884 2335 ab
1934 2281 2091 2334 omni
2129 2280 2412 2337 ‘salsorum

205 2363 449 2419 deorum
502 2362 671 2440 cultu!
707 2379 766 2416 se
812 2360 1120 2417 abhorrere
1161 2361 1502 2436 profi-tetur,
1560 2363 1785 2438 sibique
1831 2365 2194 2443 gratulatur,
2256 2363 2414 2436 quod
2497 2373 2502 2380 '

202 2444 383 2505 Jovae
417 2443 696 2502 beneficio
730 2465 759 2501 e
791 2446 1002 2526 populo
1030 2446 1149 2519 ejus
1179 2447 1275 2502 sit.
1336 2443 1471 2502 Non
1501 2444 1726 2504 dubitat
1755 2460 1943 2504 autem
1973 2445 2080 2504 hac
2104 2448 2167 2504 in
2197 2444 2414 2504 fiducia.

209 2550 267 2588 se
308 2529 623 2603 exaudiri,
686 2539 742 2586 et
785 2539 1185 2587 conservatum
1222 2531 1336 2602 iri3
1398 2548 1511 2603 qua
1543 2549 1640 2605 spe
1675 2541 1927 2604 erectus„
1971 2541 2244 2607 tanquam
2281 2549 2415 2604 per-

205 2615 441 2672 functus
473 2615 747 2688 periculis
780 2622 961 2684 esset,
1003 2614 1258 2672 divinam
1288 2614 1735 2688 benignitatem,
1777 2634 1932 2691 quae·
1956 2616 2122 2674 beata
2152 2613 2258 2671 hac
2289 2616 2417 2671 vita

205 2701 453 2756 ulterius
489 2715 620 2754 eum
649 2696 765 2754 frui
796 2700 971 2769 sinat,
1010 2700 1164 2754 laeto
1199 2701 1392 2755 animo
1427 2698 1704 2772 celebrat3
1748 2698 1901 2775 quod
1932 2698 2070 2755 huic
2098 2708 2297 2775 poetae
2326 2707 2417 2754 est

205 2783 516 2840 familiare.
560 2810 644 2824 --
687 2781 852 2839 Nihil
880 2791 966 2838 est
993 2784 1056 2838 in
1085 2781 1195 2839 hoc
1225 2783 1318 2839 Ps.
1335 2782 1555 2858 ,quod
1596 2802 1703 2846 nos
1739 2792 1969 2841 moveat
2012 2793 2078 2840 ut
2116 2782 2285 2839 fidem
2318 2780 2417 2837 de-
2493 2778 2503 2792 ⁸

205 2876 487 2948 negemus
525 2866 927 2942 inscriptioni,
973 2865 1189 2924 Davidi
1223 2868 1387 2923 ἰ11ιιιιι
1427 2869 1655 2923 auetmi
1688 2868 1985 2925 tribuenti.
2070 2866 2312 2923 Videtur
2346 2867 2419 2924 ab

208 2972 275 3010 eo
306 2954 665 3026 compositus
697 2962 852 3021 tum,
900 2958 1030 3006 cuin
1059 2947 1310 3008 jonatha
1340 2953 1555 3007 certior
1582 2950 1766 3008 factus
1794 2953 1862 3009 de
1889 2952 2237 3028 implacabili
2268 2948 2421 3006 Sau-
2522 2966 2529 2971 ·

207 3035 281 3094 lis
318 3038 497 3107 odio,
539 3037 614 3092 ad
652 3032 1030 3091 Philisthaeos
1064 3035 1380 3093 Gathenses
1416 3033 1724 3112 confugere
1755 3038 1843 3093 bis
1875 3055 2104 3093 necesse
2142 3037 2197 3090 ei
2229 3034 2423 3093 fuerat

212 3122 267 3196 (l
292 3122 459 3180 Sam.
476 3076 607 3203 ’221
641 3119 932 3177 11-16,
979 3128 1035 3175 ct
1067 3118 1199 3195 Cap.
1237 3122 1336 3176 27.
1365 3116 1549 3196 sqq.),
1605 3120 1707 3176 ubi
1745 3139 1920 3198 quum
1954 3119 2091 3196 Cap.
2120 3120 2219 3179 29.
2250 3119 2421 3176 nobis

210 3206 462 3275 referat,
517 3214 818 3283 magnates
863 3202 1351 3260 Philisthaeorum
1391 3214 1711 3277 suspectam
1755 3204 2022 3262 habuisse
2064 3203 2308 3262 Davidis
2359 3204 2425 3259 in

214 3295 480 3367 ipsorum
511 3298 702 3363 partes
733 3284 937 3361 fidem,
994 3287 1162 3344 facile
1193 3291 1330 3344 licet
1358 3304 1616 3362 sumere,
1672 3289 2042 3349 diffidentiam
2077 3291 2249 3346 istam
2280 3289 2425 3344 reli-

213 3375 416 3456 gionis
449 3375 622 3429 etiam
654 3373 986 3429 discrimine
1017 3372 1192 3430 fuisse
1223 3382 1471 3443 auctam,
1513 3374 1972 3449 postulatumque
2007 3393 2042 3429 a
2069 3371 2315 3444 Davide‚
2357 3383 2427 3428 ut

214 3477 523 3517 sacrorum
563 3476 598 3512 a
635 3455 1006 3514 Philisthaeis
1048 3457 1480 3513 celebratorum
1509 3460 1805 3516 consortio
1844 3477 1964 3515 sese
2008 3466 2314 3536 purgaret,
2366 3464 2427 3512 et

212 3549 443 3602 sincere
477 3545 736 3614 ipsorum
778 3559 980 3598 causae
1014 3560 1074 3597 sc
1112 3542 1419 3598 accessisse
1451 3544 1867 3617 comprobaret.
1914 3574 1993 3583 —
2030 3545 2293 3610 Quatuor
2321 3560 2429 3616 po-

212 3628 566 3686 sterioribus
611 3625 780 3699 hujus
816 3625 910 3681 Ps.
940 3624 1214 3682 Versibus
1252 3624 1461 3681 Petrus
1507 3623 1659 3705 (Act.
1689 3629 1762 3698 2,
1792 3629 1893 3687 25.
1923 3621 2073 3704 sqq.)
2118 3635 2174 3682 et
2216 3624 2427 3680 Paulus

218 3715 379 3791 (Act.
418 3712 520 3782 13,
548 3711 649 3766 34.
680 3707 833 3786 sqq.)
873 3709 1064 3766 Jesum
1096 3709 1510 3781 Messiam,n1›
1551 3709 1755 3766 inferis
1789 3711 2192 3782 excitandum,
2240 3727 2275 3762 a
2304 3707 2430 3764 Da-
2493 3780 2494 3783 Ἴ

213 3797 351 3857 vide
383 3786 790 3853 adumbratum
827 3793 1203 3881 crediderunt
1226 3794 1300 3872 *).
1369 3795 1628 3860 Quorum
1655 3798 1973 3853 auctoritas
2004 3796 2156 3873 apud
2184 3796 2428 3866 interpp.

356 4020 414 4081 ¹⁵)
456 4021 648 4078 Neque¹
671 4021 1096 4067 accommodasse
1127 4017 1245 4064 illos
1282 4018 1654 4083 tantummodo,
1692 4020 1804 4070 sive
1834 4019 2106 4069 deflexisse
2144 4016 2204 4062 ad
2236 4016 2429 4072 lienum,

215 4103 347 4150 quae
386 4105 548 4137 sensu
585 4104 710 4136 vero
745 4094 797 4138 et
833 4090 1042 4149 proprio
1078 4087 1140 4134 de
1173 4089 1382 4136 Davt‘de
1417 4090 1553 4138 dicta
1585 4090 1987 4150 existimassent,
2021 4093 2079 4135 ut
2113 4086 2248 4133 baud
2283 4083 2436 4146 pauci

200 4154 542 4208 'contendunt
597 4158 729 4219 (vid.
777 4160 1123 4207 Beni-:numm
1161 4158 1312 4205 theol.
1345 4159 1599 4222 Beier-lige
1637 4163 1694 4208 P.
1730 4163 1771 4213 1.
1814 4177 1865 4222 p.
1900 4163 1983 4207 98.
2022 4154 2187 4220 sqq.);
2250 4168 2436 4203 verum

214 4228 669 4289 persuasissimum
706 4229 829 4288 ipsis
867 4230 1044 4292 fuisse,
1082 4228 1338 4276 Psalmum
1372 4230 1525 4275 umce
1563 4237 1622 4287 et
1653 4245 1775 4277 vere
1820 4232 1882 4277 de
1928 4229 2059 4275 Jesu
2101 4240 2283 4287 agere,
2326 4236 2439 4269 ma-

215 4299 403 4348 nifeste
440 4303 586 4358 patet
621 4308 691 4346 ex
720 4300 1045 4366 rationibus,
1088 4296 1272 4361 quibus
1311 4297 1562 4349 evincere
1592 4301 1829 4366 student,
1878 4298 1941 4348 de
1976 4297 2186 4345 Dae-ade
2223 4305 2431 4342 carmen

214 4384 316 4417 non
342 4381 510 4431 posse
540 4366 693 4432 accip
723 4396 749 4425 .
2156 4378 2162 4397 l
