<?xml version="1.0" encoding="UTF-8"?>
<!DOCTYPE html PUBLIC "-//W3C//DTD XHTML 1.0 Transitional//EN"
    "http://www.w3.org/TR/xhtml1/DTD/xhtml1-transitional.dtd">
<html xmlns="http://www.w3.org/1999/xhtml" xml:lang="en" lang="en">
 <head>
  <title>
</title>
<meta http-equiv="Content-Type" content="text/html;charset=utf-8" />
  <meta name='ocr-system' content='tesseract 3.04.00' />
  <meta name='ocr-capabilities' content='ocr_page ocr_carea ocr_par ocr_line ocrx_word'/>
</head>
<body>
  <div class='ocr_page' id='page_1' title='image "./scholiainpsalmo00rosegoog_0023.png"; bbox 0 0 2807 4913; ppageno 0'>
   <div class='ocr_carea' id='block_1_1' title="bbox 820 250 2455 366">
    <p class='ocr_par' dir='ltr' id='par_1_1' title="bbox 820 250 2455 366">
     <span class='ocr_line' id='line_1_1' title="bbox 820 250 2455 366; baseline -0.003 -24"><span class='ocrx_word' id='word_1_1' title='bbox 820 250 1335 366; x_wconf 67' lang='lat' dir='ltr'><strong>Explicatio</strong></span> <span class='ocrx_word' id='word_1_2' title='bbox 1383 272 1889 343; x_wconf 75' lang='lat' dir='ltr'><strong>Titulorum.</strong></span> <span class='ocrx_word' id='word_1_3' title='bbox 2363 270 2455 340; x_wconf 85' lang='lat'><strong>15</strong></span> 
     </span>
    </p>
   </div>
   <div class='ocr_carea' id='block_1_2' title="bbox 216 455 2472 1998">
    <p class='ocr_par' dir='ltr' id='par_1_2' title="bbox 216 455 2472 1976">
     <span class='ocr_line' id='line_1_2' title="bbox 216 455 2462 539; baseline -0.003 -18"><span class='ocrx_word' id='word_1_4' title='bbox 216 461 320 521; x_wconf 80' lang='lat' dir='ltr'><strong>bis</strong></span> <span class='ocrx_word' id='word_1_5' title='bbox 336 503 361 536; x_wconf 93' lang='lat'><strong>,</strong></span> <span class='ocrx_word' id='word_1_6' title='bbox 413 459 521 539; x_wconf 85' lang='lat' dir='ltr'><strong>qui</strong></span> <span class='ocrx_word' id='word_1_7' title='bbox 547 473 689 518; x_wconf 80' lang='lat' dir='ltr'><strong>uvas</strong></span> <span class='ocrx_word' id='word_1_8' title='bbox 718 457 979 530; x_wconf 88' lang='lat' dir='ltr'><strong>calcant,</strong></span> <span class='ocrx_word' id='word_1_9' title='bbox 1018 459 1175 515; x_wconf 82' lang='lat' dir='ltr'><strong>laeta</strong></span> <span class='ocrx_word' id='word_1_10' title='bbox 1213 458 1439 514; x_wconf 80' lang='lat' dir='ltr'><strong>cantari</strong></span> <span class='ocrx_word' id='word_1_11' title='bbox 1482 459 1708 517; x_wconf 86' lang='lat' dir='ltr'><strong>cantica</strong></span> <span class='ocrx_word' id='word_1_12' title='bbox 1724 501 1744 534; x_wconf 93' lang='lat'><strong>,</strong></span> <span class='ocrx_word' id='word_1_13' title='bbox 1785 466 1958 536; x_wconf 84' lang='lat' dir='ltr'><strong>atque</strong></span> <span class='ocrx_word' id='word_1_14' title='bbox 2000 455 2074 515; x_wconf 87' lang='lat' dir='ltr'><strong>ad</strong></span> <span class='ocrx_word' id='word_1_15' title='bbox 2115 474 2186 514; x_wconf 87' lang='lat' dir='ltr'><strong>ea</strong></span> <span class='ocrx_word' id='word_1_16' title='bbox 2226 474 2462 537; x_wconf 80' lang='lat' dir='ltr'><strong>gressus</strong></span> 
     </span>
     <span class='ocr_line' id='line_1_3' title="bbox 221 539 2463 623; baseline -0.003 -17"><span class='ocrx_word' id='word_1_17' title='bbox 221 546 648 623; x_wconf 85' lang='lat' dir='ltr'><strong>attemperari3</strong></span> <span class='ocrx_word' id='word_1_18' title='bbox 694 540 833 621; x_wconf 90' lang='lat' dir='ltr'><strong>quid</strong></span> <span class='ocrx_word' id='word_1_19' title='bbox 865 544 918 598; x_wconf 89' lang='lat' dir='ltr'><strong>si</strong></span> <span class='ocrx_word' id='word_1_20' title='bbox 950 553 1105 604; x_wconf 66' lang='lat' dir='ltr'><strong>n&#39;m</strong></span> <span class='ocrx_word' id='word_1_21' title='bbox 1141 543 1221 599; x_wconf 78' lang='lat' dir='ltr'><strong>sit</strong></span> <span class='ocrx_word' id='word_1_22' title='bbox 1258 543 1730 617; x_wconf 73' lang='lat' dir='ltr'><strong>instrumentum,</strong></span> <span class='ocrx_word' id='word_1_23' title='bbox 1772 543 1848 602; x_wconf 92' lang='lat' dir='ltr'><strong>ad</strong></span> <span class='ocrx_word' id='word_1_24' title='bbox 1877 539 2031 621; x_wconf 88' lang='lat' dir='ltr'><strong>quod</strong></span> <span class='ocrx_word' id='word_1_25' title='bbox 2060 540 2204 602; x_wconf 86' lang='lat' dir='ltr'><strong>haec</strong></span> <span class='ocrx_word' id='word_1_26' title='bbox 2234 544 2463 600; x_wconf 85' lang='lat' dir='ltr'><strong>cantica</strong></span> 
     </span>
     <span class='ocr_line' id='line_1_4' title="bbox 223 624 2461 705; baseline -0.002 -14"><span class='ocrx_word' id='word_1_27' title='bbox 223 633 624 702; x_wconf 77' lang='lat' dir='ltr'><strong>canebantur,</strong></span> <span class='ocrx_word' id='word_1_28' title='bbox 665 627 993 687; x_wconf 78' lang='lat' dir='ltr'><strong>vindemiae</strong></span> <span class='ocrx_word' id='word_1_29' title='bbox 1031 636 1090 684; x_wconf 90' lang='lat' dir='ltr'><strong>et</strong></span> <span class='ocrx_word' id='word_1_30' title='bbox 1131 627 1471 687; x_wconf 65' lang='lat' dir='ltr'><strong>calcationis</strong></span> <span class='ocrx_word' id='word_1_31' title='bbox 1505 631 1754 705; x_wconf 82' lang='lat' dir='ltr'><strong>tempori</strong></span> <span class='ocrx_word' id='word_1_32' title='bbox 1780 624 2121 705; x_wconf 65' lang='lat' dir='ltr'><strong>proprium?</strong></span> <span class='ocrx_word' id='word_1_33' title='bbox 2187 626 2315 686; x_wconf 83' lang='lat' dir='ltr'><strong>Jam</strong></span> <span class='ocrx_word' id='word_1_34' title='bbox 2345 627 2461 686; x_wconf 88' lang='lat' dir='ltr'><strong>duo</strong></span> 
     </span>
     <span class='ocr_line' id='line_1_5' title="bbox 234 712 2465 785; baseline -0.003 -10"><span class='ocrx_word' id='word_1_35' title='bbox 234 737 299 775; x_wconf 61' lang='lat' dir='ltr'>a</span> <span class='ocrx_word' id='word_1_36' title='bbox 332 717 472 775; x_wconf 89' lang='lat' dir='ltr'><strong>Pss.</strong></span> <span class='ocrx_word' id='word_1_37' title='bbox 513 715 587 773; x_wconf 91' lang='lat' dir='ltr'><strong>ad</strong></span> <span class='ocrx_word' id='word_1_38' title='bbox 619 722 772 775; x_wconf 70' lang='lat' dir='ltr'><strong>wm</strong></span> <span class='ocrx_word' id='word_1_39' title='bbox 811 712 1114 785; x_wconf 82' lang='lat' dir='ltr'><strong>canendis,</strong></span> <span class='ocrx_word' id='word_1_40' title='bbox 1159 713 1256 770; x_wconf 89' lang='lat'><strong>81.</strong></span> <span class='ocrx_word' id='word_1_41' title='bbox 1288 719 1344 767; x_wconf 91' lang='lat' dir='ltr'><strong>et</strong></span> <span class='ocrx_word' id='word_1_42' title='bbox 1382 713 1481 770; x_wconf 88' lang='grc'><strong>84.</strong></span> <span class='ocrx_word' id='word_1_43' title='bbox 1519 715 1791 771; x_wconf 87' lang='lat' dir='ltr'><strong>videntur</strong></span> <span class='ocrx_word' id='word_1_44' title='bbox 1820 712 1965 770; x_wconf 83' lang='lat' dir='ltr'><strong>mihi</strong></span> <span class='ocrx_word' id='word_1_45' title='bbox 2003 712 2156 770; x_wconf 87' lang='lat' dir='ltr'><strong>festo</strong></span> <span class='ocrx_word' id='word_1_46' title='bbox 2188 712 2465 770; x_wconf 88' lang='lat' dir='ltr'><strong>taberna-</strong></span> 
     </span>
     <span class='ocr_line' id='line_1_6' title="bbox 245 795 2463 877; baseline -0.002 -17"><span class='ocrx_word' id='word_1_47' title='bbox 245 805 507 860; x_wconf 74' lang='lat' dir='ltr'><strong>mlorum</strong></span> <span class='ocrx_word' id='word_1_48' title='bbox 552 798 867 877; x_wconf 85' lang='lat' dir='ltr'><strong>insigniter</strong></span> <span class='ocrx_word' id='word_1_49' title='bbox 909 799 1064 873; x_wconf 86' lang='lat' dir='ltr'><strong>apti,</strong></span> <span class='ocrx_word' id='word_1_50' title='bbox 1110 796 1265 872; x_wconf 88' lang='lat' dir='ltr'><strong>quod</strong></span> <span class='ocrx_word' id='word_1_51' title='bbox 1297 795 1542 854; x_wconf 83' lang='lat' dir='ltr'><strong>Octobri</strong></span> <span class='ocrx_word' id='word_1_52' title='bbox 1574 798 1763 855; x_wconf 91' lang='lat' dir='ltr'><strong>medio</strong></span> <span class='ocrx_word' id='word_1_53' title='bbox 1793 797 2140 856; x_wconf 75' lang='lat' dir='ltr'><strong>vindemiam</strong></span> <span class='ocrx_word' id='word_1_54' title='bbox 2171 807 2463 872; x_wconf 85' lang='lat' dir='ltr'><strong>peractam</strong></span> 
     </span>
     <span class='ocr_line' id='line_1_7' title="bbox 235 879 2464 963; baseline -0.002 -19"><span class='ocrx_word' id='word_1_55' title='bbox 235 886 611 963; x_wconf 67' lang='lat' dir='ltr'><strong>sequebatur,</strong></span> <span class='ocrx_word' id='word_1_56' title='bbox 655 891 898 939; x_wconf 84' lang='lat' dir='ltr'><strong>erantne</strong></span> <span class='ocrx_word' id='word_1_57' title='bbox 928 899 1070 959; x_wconf 81' lang='lat' dir='ltr'><strong>ergo</strong></span> <span class='ocrx_word' id='word_1_58' title='bbox 1103 881 1175 938; x_wconf 91' lang='lat' dir='ltr'><strong>ad</strong></span> <span class='ocrx_word' id='word_1_59' title='bbox 1205 879 1354 938; x_wconf 88' lang='lat' dir='ltr'><strong>idem</strong></span> <span class='ocrx_word' id='word_1_60' title='bbox 1386 882 1838 943; x_wconf 78' lang='lat' dir='ltr'><strong>instrumentum</strong></span> <span class='ocrx_word' id='word_1_61' title='bbox 1879 881 2155 954; x_wconf 89' lang='lat' dir='ltr'><strong>canendi,</strong></span> <span class='ocrx_word' id='word_1_62' title='bbox 2199 883 2274 941; x_wconf 86' lang='lat' dir='ltr'><strong>ad</strong></span> <span class='ocrx_word' id='word_1_63' title='bbox 2307 880 2464 959; x_wconf 85' lang='lat' dir='ltr'><strong>quod</strong></span> 
     </span>
     <span class='ocr_line' id='line_1_8' title="bbox 229 963 2461 1044; baseline -0.001 -14"><span class='ocrx_word' id='word_1_64' title='bbox 229 971 615 1031; x_wconf 77' lang='lat' dir='ltr'><strong>calcabantur</strong></span> <span class='ocrx_word' id='word_1_65' title='bbox 648 963 1009 1024; x_wconf 63' lang='lat' dir='ltr'><strong>torcularia?</strong></span> <span class='ocrx_word' id='word_1_66' title='bbox 1027 967 1066 1000; x_wconf 78' lang='lat'><strong>‘⁶</strong></span> <span class='ocrx_word' id='word_1_67' title='bbox 1155 965 1308 1025; x_wconf 87' lang='lat' dir='ltr'><strong>Sunt</strong></span> <span class='ocrx_word' id='word_1_68' title='bbox 1336 984 1478 1024; x_wconf 81' lang='lat' dir='ltr'><strong>vero</strong></span> <span class='ocrx_word' id='word_1_69' title='bbox 1507 985 1627 1024; x_wconf 85' lang='lat' dir='ltr'><strong>uon</strong></span> <span class='ocrx_word' id='word_1_70' title='bbox 1658 970 1861 1043; x_wconf 81' lang='lat' dir='ltr'><strong>pauci,</strong></span> <span class='ocrx_word' id='word_1_71' title='bbox 1918 968 2020 1044; x_wconf 89' lang='lat' dir='ltr'><strong>qui</strong></span> <span class='ocrx_word' id='word_1_72' title='bbox 2051 976 2207 1029; x_wconf 61' lang='grc' dir='ltr'><strong>ΝΜ</strong></span> <span class='ocrx_word' id='word_1_73' title='bbox 2241 966 2461 1027; x_wconf 84' lang='lat' dir='ltr'><strong>nullius</strong></span> 
     </span>
     <span class='ocr_line' id='line_1_9' title="bbox 226 1042 2472 1129; baseline -0 -15"><span class='ocrx_word' id='word_1_74' title='bbox 226 1057 485 1114; x_wconf 87' lang='lat' dir='ltr'><strong>omnino</strong></span> <span class='ocrx_word' id='word_1_75' title='bbox 524 1053 900 1110; x_wconf 79' lang='lat' dir='ltr'><strong>instrumenti</strong></span> <span class='ocrx_word' id='word_1_76' title='bbox 934 1042 1141 1110; x_wconf 79' lang='lat' dir='ltr'><strong>musici</strong></span> <span class='ocrx_word' id='word_1_77' title='bbox 1180 1069 1420 1122; x_wconf 87' lang='lat' dir='ltr'><strong>nomen,</strong></span> <span class='ocrx_word' id='word_1_78' title='bbox 1477 1052 1575 1108; x_wconf 88' lang='lat' dir='ltr'><strong>sed</strong></span> <span class='ocrx_word' id='word_1_79' title='bbox 1618 1054 1898 1110; x_wconf 78' lang='lat' dir='ltr'><strong>carminis</strong></span> <span class='ocrx_word' id='word_1_80' title='bbox 1941 1061 2348 1129; x_wconf 81' lang='lat' dir='ltr'><strong>argumentum</strong></span> <span class='ocrx_word' id='word_1_81' title='bbox 2395 1069 2472 1113; x_wconf 37' lang='lat' dir='ltr'><strong>ea.</strong></span> 
     </span>
     <span class='ocr_line' id='line_1_10' title="bbox 224 1132 2465 1213; baseline -0.003 -14"><span class='ocrx_word' id='word_1_82' title='bbox 224 1157 388 1199; x_wconf 76' lang='lat' dir='ltr'><strong>voce</strong></span> <span class='ocrx_word' id='word_1_83' title='bbox 429 1139 767 1196; x_wconf 81' lang='lat' dir='ltr'><strong>existiment</strong></span> <span class='ocrx_word' id='word_1_84' title='bbox 808 1133 1075 1194; x_wconf 87' lang='lat' dir='ltr'><strong>indicari.</strong></span> <span class='ocrx_word' id='word_1_85' title='bbox 1160 1137 1421 1204; x_wconf 78' lang='lat' dir='ltr'><strong>Quorum</strong></span> <span class='ocrx_word' id='word_1_86' title='bbox 1464 1137 1676 1193; x_wconf 89' lang='lat' dir='ltr'><strong>iterum</strong></span> <span class='ocrx_word' id='word_1_87' title='bbox 1720 1138 1838 1194; x_wconf 88' lang='lat' dir='ltr'><strong>alii</strong></span> <span class='ocrx_word' id='word_1_88' title='bbox 1871 1132 1938 1209; x_wconf 92' lang='lat'><strong>1)</strong></span> <span class='ocrx_word' id='word_1_89' title='bbox 1967 1155 2178 1194; x_wconf 90' lang='lat' dir='ltr'><strong>nomen</strong></span> <span class='ocrx_word' id='word_1_90' title='bbox 2215 1136 2465 1213; x_wconf 78' lang='lat' dir='ltr'><strong>gentili-</strong></span> 
     </span>
     <span class='ocr_line' id='line_1_11' title="bbox 229 1217 2462 1300; baseline -0.002 -18"><span class='ocrx_word' id='word_1_91' title='bbox 229 1225 406 1282; x_wconf 80' lang='lat' dir='ltr'><strong>cium</strong></span> <span class='ocrx_word' id='word_1_92' title='bbox 441 1231 648 1300; x_wconf 87' lang='lat' dir='ltr'><strong>putant</strong></span> <span class='ocrx_word' id='word_1_93' title='bbox 678 1238 826 1294; x_wconf 84' lang='lat' dir='ltr'><strong>esse,</strong></span> <span class='ocrx_word' id='word_1_94' title='bbox 868 1219 966 1277; x_wconf 90' lang='lat' dir='ltr'><strong>sed</strong></span> <span class='ocrx_word' id='word_1_95' title='bbox 1001 1221 1071 1278; x_wconf 89' lang='lat' dir='ltr'><strong>ab</strong></span> <span class='ocrx_word' id='word_1_96' title='bbox 1102 1222 1245 1279; x_wconf 90' lang='lat' dir='ltr'><strong>urbe</strong></span> <span class='ocrx_word' id='word_1_97' title='bbox 1271 1217 1790 1294; x_wconf 77' lang='lat' dir='ltr'><strong>Philisthaeorum,</strong></span> <span class='ocrx_word' id='word_1_98' title='bbox 1841 1219 2005 1279; x_wconf 74' lang='lat' dir='ltr'><strong>Gath</strong></span> <span class='ocrx_word' id='word_1_99' title='bbox 2045 1219 2192 1297; x_wconf 86' lang='lat' dir='ltr'><strong>(Jos.</strong></span> <span class='ocrx_word' id='word_1_100' title='bbox 2232 1222 2328 1297; x_wconf 92' lang='grc'><strong>11,</strong></span> <span class='ocrx_word' id='word_1_101' title='bbox 2360 1223 2462 1281; x_wconf 83' lang='grc'><strong>22.</strong></span> 
     </span>
     <span class='ocr_line' id='line_1_12' title="bbox 238 1302 2463 1381; baseline -0.002 -13"><span class='ocrx_word' id='word_1_102' title='bbox 238 1313 358 1381; x_wconf 86' lang='grc'><strong>13,</strong></span> <span class='ocrx_word' id='word_1_103' title='bbox 393 1311 449 1366; x_wconf 93' lang='grc'><strong>3.</strong></span> <span class='ocrx_word' id='word_1_104' title='bbox 496 1307 706 1367; x_wconf 88' lang='lat' dir='ltr'><strong>lSam.</strong></span> <span class='ocrx_word' id='word_1_105' title='bbox 737 1306 839 1377; x_wconf 88' lang='grc'><strong>17,·</strong></span> <span class='ocrx_word' id='word_1_106' title='bbox 866 1306 925 1363; x_wconf 91' lang='grc'><strong>4.</strong></span> <span class='ocrx_word' id='word_1_107' title='bbox 969 1307 1072 1380; x_wconf 93' lang='grc'><strong>21,</strong></span> <span class='ocrx_word' id='word_1_108' title='bbox 1104 1307 1198 1363; x_wconf 92' lang='grc'><strong>12.</strong></span> <span class='ocrx_word' id='word_1_109' title='bbox 1229 1305 1369 1381; x_wconf 87' lang='lat' dir='ltr'><strong>al.)‚</strong></span> <span class='ocrx_word' id='word_1_110' title='bbox 1426 1302 1498 1360; x_wconf 86' lang='lat' dir='ltr'><strong>ad</strong></span> <span class='ocrx_word' id='word_1_111' title='bbox 1538 1324 1706 1380; x_wconf 88' lang='lat' dir='ltr'><strong>quam</strong></span> <span class='ocrx_word' id='word_1_112' title='bbox 1737 1305 1993 1364; x_wconf 84' lang='lat' dir='ltr'><strong>Davides</strong></span> <span class='ocrx_word' id='word_1_113' title='bbox 2035 1324 2072 1363; x_wconf 91' lang='lat' dir='ltr'><strong>a</strong></span> <span class='ocrx_word' id='word_1_114' title='bbox 2107 1305 2282 1365; x_wconf 83' lang='lat' dir='ltr'><strong>Saule</strong></span> <span class='ocrx_word' id='word_1_115' title='bbox 2320 1325 2463 1364; x_wconf 91' lang='lat' dir='ltr'><strong>con-</strong></span> 
     </span>
     <span class='ocr_line' id='line_1_13' title="bbox 235 1384 2464 1473; baseline -0.003 -21"><span class='ocrx_word' id='word_1_116' title='bbox 235 1393 480 1472; x_wconf 81' lang='lat' dir='ltr'><strong>fugerat</strong></span> <span class='ocrx_word' id='word_1_117' title='bbox 519 1390 576 1473; x_wconf 91' lang='grc'><strong>(1</strong></span> <span class='ocrx_word' id='word_1_118' title='bbox 604 1391 761 1449; x_wconf 86' lang='lat' dir='ltr'><strong>Sam.</strong></span> <span class='ocrx_word' id='word_1_119' title='bbox 795 1393 896 1462; x_wconf 88' lang='grc'><strong>21,</strong></span> <span class='ocrx_word' id='word_1_120' title='bbox 938 1394 1034 1448; x_wconf 84' lang='grc'><strong>10.</strong></span> <span class='ocrx_word' id='word_1_121' title='bbox 1064 1384 1250 1468; x_wconf 89' lang='lat' dir='ltr'><strong>sqq.),</strong></span> <span class='ocrx_word' id='word_1_122' title='bbox 1293 1399 1362 1447; x_wconf 91' lang='lat' dir='ltr'><strong>ut</strong></span> <span class='ocrx_word' id='word_1_123' title='bbox 1392 1401 1547 1448; x_wconf 62' lang='lat' dir='ltr'><strong>n&#39;nz</strong></span> <span class='ocrx_word' id='word_1_124' title='bbox 1578 1389 1916 1448; x_wconf 85' lang='lat' dir='ltr'><strong>vertendum</strong></span> <span class='ocrx_word' id='word_1_125' title='bbox 1956 1392 2036 1446; x_wconf 88' lang='lat' dir='ltr'><strong>sit</strong></span> <span class='ocrx_word' id='word_1_126' title='bbox 2071 1387 2464 1447; x_wconf 72' lang='lat' dir='ltr'><strong>Gitthiticum</strong></span> 
     </span>
     <span class='ocr_line' id='line_1_14' title="bbox 246 1472 2465 1556; baseline -0.002 -20"><span class='ocrx_word' id='word_1_127' title='bbox 246 1499 335 1536; x_wconf 84' lang='lat' dir='ltr'><strong>sc.</strong></span> <span class='ocrx_word' id='word_1_128' title='bbox 368 1496 629 1549; x_wconf 88' lang='lat' dir='ltr'><strong>carmen,</strong></span> <span class='ocrx_word' id='word_1_129' title='bbox 685 1493 801 1551; x_wconf 91' lang='lat' dir='ltr'><strong>quo</strong></span> <span class='ocrx_word' id='word_1_130' title='bbox 843 1476 1165 1556; x_wconf 82' lang='lat' dir='ltr'><strong>significari</strong></span> <span class='ocrx_word' id='word_1_131' title='bbox 1207 1483 1417 1551; x_wconf 89' lang='lat' dir='ltr'><strong>putant</strong></span> <span class='ocrx_word' id='word_1_132' title='bbox 1456 1477 1547 1532; x_wconf 85' lang='lat' dir='ltr'><strong>vel</strong></span> <span class='ocrx_word' id='word_1_133' title='bbox 1591 1477 1740 1549; x_wconf 87' lang='lat' dir='ltr'><strong>tale,</strong></span> <span class='ocrx_word' id='word_1_134' title='bbox 1792 1474 1945 1553; x_wconf 90' lang='lat' dir='ltr'><strong>quod</strong></span> <span class='ocrx_word' id='word_1_135' title='bbox 1981 1472 2272 1547; x_wconf 82' lang='lat' dir='ltr'><strong>Davides,</strong></span> <span class='ocrx_word' id='word_1_136' title='bbox 2326 1476 2465 1532; x_wconf 89' lang='lat' dir='ltr'><strong>dum</strong></span> 
     </span>
     <span class='ocr_line' id='line_1_15' title="bbox 246 1560 2461 1636; baseline -0.003 -15"><span class='ocrx_word' id='word_1_137' title='bbox 246 1563 473 1622; x_wconf 86' lang='lat' dir='ltr'><strong>Gathae</strong></span> <span class='ocrx_word' id='word_1_138' title='bbox 510 1569 981 1633; x_wconf 88' lang='lat' dir='ltr'><strong>commoraretur,</strong></span> <span class='ocrx_word' id='word_1_139' title='bbox 1024 1560 1433 1636; x_wconf 80' lang='lat' dir='ltr'><strong>composuerit,</strong></span> <span class='ocrx_word' id='word_1_140' title='bbox 1475 1562 1568 1617; x_wconf 85' lang='lat' dir='ltr'><strong>vel</strong></span> <span class='ocrx_word' id='word_1_141' title='bbox 1596 1562 1747 1635; x_wconf 87' lang='lat' dir='ltr'><strong>quod</strong></span> <span class='ocrx_word' id='word_1_142' title='bbox 1775 1579 1864 1627; x_wconf 80' lang='lat' dir='ltr'><strong>ea,</strong></span> <span class='ocrx_word' id='word_1_143' title='bbox 1893 1579 2039 1636; x_wconf 85' lang='lat' dir='ltr'><strong>quae</strong></span> <span class='ocrx_word' id='word_1_144' title='bbox 2067 1560 2173 1616; x_wconf 89' lang='lat' dir='ltr'><strong>illo</strong></span> <span class='ocrx_word' id='word_1_145' title='bbox 2204 1569 2461 1635; x_wconf 83' lang='lat' dir='ltr'><strong>tempore</strong></span> 
     </span>
     <span class='ocr_line' id='line_1_16' title="bbox 244 1643 2465 1726; baseline -0.003 -20"><span class='ocrx_word' id='word_1_146' title='bbox 244 1649 362 1726; x_wconf 88' lang='lat' dir='ltr'><strong>ipsi</strong></span> <span class='ocrx_word' id='word_1_147' title='bbox 404 1643 767 1717; x_wconf 88' lang='lat' dir='ltr'><strong>acciderent,</strong></span> <span class='ocrx_word' id='word_1_148' title='bbox 813 1655 1064 1702; x_wconf 89' lang='lat' dir='ltr'><strong>caneret.</strong></span> <span class='ocrx_word' id='word_1_149' title='bbox 1148 1644 1456 1720; x_wconf 89' lang='lat' dir='ltr'><strong>Reperitur</strong></span> <span class='ocrx_word' id='word_1_150' title='bbox 1496 1651 1690 1701; x_wconf 87' lang='lat' dir='ltr'><strong>tamen</strong></span> <span class='ocrx_word' id='word_1_151' title='bbox 1736 1647 1800 1702; x_wconf 87' lang='lat' dir='ltr'><strong>in</strong></span> <span class='ocrx_word' id='word_1_152' title='bbox 1838 1644 2003 1702; x_wconf 88' lang='lat' dir='ltr'><strong>nullo</strong></span> <span class='ocrx_word' id='word_1_153' title='bbox 2045 1643 2286 1701; x_wconf 84' lang='lat' dir='ltr'><strong>illorum</strong></span> <span class='ocrx_word' id='word_1_154' title='bbox 2332 1662 2465 1700; x_wconf 90' lang='lat' dir='ltr'><strong>car-</strong></span> 
     </span>
     <span class='ocr_line' id='line_1_17' title="bbox 247 1728 2466 1806; baseline -0.001 -16"><span class='ocrx_word' id='word_1_155' title='bbox 247 1735 479 1791; x_wconf 87' lang='lat' dir='ltr'><strong>minum</strong></span> <span class='ocrx_word' id='word_1_156' title='bbox 523 1730 864 1806; x_wconf 85' lang='lat' dir='ltr'><strong>quidquam,</strong></span> <span class='ocrx_word' id='word_1_157' title='bbox 928 1730 1082 1806; x_wconf 91' lang='lat' dir='ltr'><strong>quod</strong></span> <span class='ocrx_word' id='word_1_158' title='bbox 1127 1730 1200 1787; x_wconf 90' lang='lat' dir='ltr'><strong>ad</strong></span> <span class='ocrx_word' id='word_1_159' title='bbox 1244 1730 1345 1786; x_wconf 89' lang='lat' dir='ltr'><strong>illa</strong></span> <span class='ocrx_word' id='word_1_160' title='bbox 1385 1739 1650 1802; x_wconf 85' lang='lat' dir='ltr'><strong>tempora</strong></span> <span class='ocrx_word' id='word_1_161' title='bbox 1688 1731 1894 1788; x_wconf 73' lang='lat' dir='ltr'><strong>referri</strong></span> <span class='ocrx_word' id='word_1_162' title='bbox 1938 1729 2141 1806; x_wconf 85' lang='lat' dir='ltr'><strong>possit.</strong></span> <span class='ocrx_word' id='word_1_163' title='bbox 2231 1729 2304 1804; x_wconf 88' lang='grc'><strong>2)</strong></span> <span class='ocrx_word' id='word_1_164' title='bbox 2347 1728 2466 1795; x_wconf 79' lang='lat' dir='ltr'><strong>Qui</strong></span> 
     </span>
     <span class='ocr_line' id='line_1_18' title="bbox 247 1812 2466 1893; baseline -0.004 -17"><span class='ocrx_word' id='word_1_165' title='bbox 247 1835 385 1876; x_wconf 78' lang='lat' dir='ltr'><strong>vero</strong></span> <span class='ocrx_word' id='word_1_166' title='bbox 428 1834 467 1872; x_wconf 89' lang='lat' dir='ltr'><strong>a</strong></span> <span class='ocrx_word' id='word_1_167' title='bbox 505 1824 582 1874; x_wconf 62' lang='lat' dir='ltr'><strong>n:</strong></span> <span class='ocrx_word' id='word_1_168' title='bbox 617 1813 952 1886; x_wconf 78' lang='lat' dir='ltr'><strong>torculari,</strong></span> <span class='ocrx_word' id='word_1_169' title='bbox 1013 1825 1168 1875; x_wconf 66' lang='lat' dir='ltr'><strong>n-nz</strong></span> <span class='ocrx_word' id='word_1_170' title='bbox 1204 1814 1511 1872; x_wconf 87' lang='lat' dir='ltr'><strong>deductum</strong></span> <span class='ocrx_word' id='word_1_171' title='bbox 1544 1816 1888 1890; x_wconf 83' lang='lat' dir='ltr'><strong>opinantur,</strong></span> <span class='ocrx_word' id='word_1_172' title='bbox 1932 1815 2041 1871; x_wconf 92' lang='lat' dir='ltr'><strong>hoc</strong></span> <span class='ocrx_word' id='word_1_173' title='bbox 2075 1832 2205 1873; x_wconf 85' lang='lat' dir='ltr'><strong>voc.</strong></span> <span class='ocrx_word' id='word_1_174' title='bbox 2235 1812 2466 1893; x_wconf 82' lang='lat' dir='ltr'><strong>signiti-</strong></span> 
     </span>
     <span class='ocr_line' id='line_1_19' title="bbox 260 1897 2466 1998; baseline -0.001 -41"><span class='ocrx_word' id='word_1_175' title='bbox 260 1903 375 1958; x_wconf 82' lang='lat' dir='ltr'><strong>cari</strong></span> <span class='ocrx_word' id='word_1_176' title='bbox 408 1907 632 1998; x_wconf 51' lang='lat' dir='ltr'><strong>putant·</strong></span> <span class='ocrx_word' id='word_1_177' title='bbox 663 1915 895 1956; x_wconf 90' lang='lat' dir='ltr'><strong>carmen</strong></span> <span class='ocrx_word' id='word_1_178' title='bbox 946 1898 1268 1956; x_wconf 84' lang='lat' dir='ltr'><strong>vindemiae</strong></span> <span class='ocrx_word' id='word_1_179' title='bbox 1318 1907 1576 1973; x_wconf 87' lang='lat' dir='ltr'><strong>tempore</strong></span> <span class='ocrx_word' id='word_1_180' title='bbox 1629 1901 1856 1956; x_wconf 86' lang='lat' dir='ltr'><strong>cantari</strong></span> <span class='ocrx_word' id='word_1_181' title='bbox 1907 1901 2162 1955; x_wconf 86' lang='lat' dir='ltr'><strong>solitum.</strong></span> <span class='ocrx_word' id='word_1_182' title='bbox 2244 1897 2466 1956; x_wconf 88' lang='lat' dir='ltr'><strong>Vinde-</strong></span> 
     </span>
    </p>
   </div>
   <div class='ocr_carea' id='block_1_3' title="bbox 262 1981 2562 2060">
    <p class='ocr_par' dir='ltr' id='par_1_3' title="bbox 262 1981 2562 2060">
     <span class='ocr_line' id='line_1_20' title="bbox 262 1981 2562 2060; baseline -0 -18"><span class='ocrx_word' id='word_1_183' title='bbox 262 1987 493 2042; x_wconf 87' lang='lat' dir='ltr'><strong>miantes</strong></span> <span class='ocrx_word' id='word_1_184' title='bbox 536 1983 697 2039; x_wconf 88' lang='lat' dir='ltr'><strong>enim</strong></span> <span class='ocrx_word' id='word_1_185' title='bbox 740 1992 862 2040; x_wconf 88' lang='lat' dir='ltr'><strong>tam</strong></span> <span class='ocrx_word' id='word_1_186' title='bbox 904 1983 1058 2039; x_wconf 88' lang='lat' dir='ltr'><strong>inter</strong></span> <span class='ocrx_word' id='word_1_187' title='bbox 1099 1985 1286 2059; x_wconf 86' lang='lat' dir='ltr'><strong>ipsum</strong></span> <span class='ocrx_word' id='word_1_188' title='bbox 1325 1982 1833 2055; x_wconf 81' lang='lat' dir='ltr'><strong>vindemiandum,</strong></span> <span class='ocrx_word' id='word_1_189' title='bbox 1892 2001 2063 2060; x_wconf 79' lang='lat' dir='ltr'><strong>quam</strong></span> <span class='ocrx_word' id='word_1_190' title='bbox 2095 2002 2163 2040; x_wconf 90' lang='lat' dir='ltr'><strong>eo</strong></span> <span class='ocrx_word' id='word_1_191' title='bbox 2200 1981 2464 2041; x_wconf 88' lang='lat' dir='ltr'><strong>confecto</strong></span> <span class='ocrx_word' id='word_1_192' title='bbox 2557 2030 2562 2031; x_wconf 23' lang='lat' dir='ltr'><em>ff</em></span> 
     </span>
    </p>
   </div>
   <div class='ocr_carea' id='block_1_4' title="bbox 237 2064 2470 2909">
    <p class='ocr_par' dir='ltr' id='par_1_4' title="bbox 237 2064 2470 2902">
     <span class='ocr_line' id='line_1_21' title="bbox 254 2064 2464 2164; baseline -0.001 -38"><span class='ocrx_word' id='word_1_193' title='bbox 254 2067 494 2146; x_wconf 77' lang='lat' dir='ltr'><strong>hymnos</strong></span> <span class='ocrx_word' id='word_1_194' title='bbox 528 2067 898 2139; x_wconf 79' lang='lat' dir='ltr'><strong>decantasse,</strong></span> <span class='ocrx_word' id='word_1_195' title='bbox 955 2069 1252 2148; x_wconf 73' lang='lat' dir='ltr'><strong>colligitur</strong></span> <span class='ocrx_word' id='word_1_196' title='bbox 1289 2086 1362 2124; x_wconf 89' lang='lat' dir='ltr'><strong>ex</strong></span> <span class='ocrx_word' id='word_1_197' title='bbox 1391 2065 1525 2124; x_wconf 86' lang='lat' dir='ltr'><strong>Jud.</strong></span> <span class='ocrx_word' id='word_1_198' title='bbox 1555 2069 1616 2138; x_wconf 88' lang='grc'><strong>9,</strong></span> <span class='ocrx_word' id='word_1_199' title='bbox 1649 2070 1755 2124; x_wconf 92' lang='grc'><strong>27.</strong></span> <span class='ocrx_word' id='word_1_200' title='bbox 1799 2066 1912 2126; x_wconf 85' lang='lat' dir='ltr'><strong>Jes.</strong></span> <span class='ocrx_word' id='word_1_201' title='bbox 1953 2070 2050 2164; x_wconf 82' lang='grc'><strong>16,</strong></span> <span class='ocrx_word' id='word_1_202' title='bbox 2093 2068 2148 2124; x_wconf 89' lang='lat'><strong>8.</strong></span> <span class='ocrx_word' id='word_1_203' title='bbox 2184 2086 2305 2144; x_wconf 90' lang='lat' dir='ltr'><strong>sqq.</strong></span> <span class='ocrx_word' id='word_1_204' title='bbox 2345 2064 2464 2126; x_wconf 80' lang='lat' dir='ltr'><strong>Jer.</strong></span> 
     </span>
     <span class='ocr_line' id='line_1_22' title="bbox 250 2141 2468 2231; baseline 0.001 -21"><span class='ocrx_word' id='word_1_205' title='bbox 250 2156 357 2227; x_wconf 77' lang='lat'><strong>43,</strong></span> <span class='ocrx_word' id='word_1_206' title='bbox 383 2153 486 2210; x_wconf 88' lang='grc'><strong>33.</strong></span> <span class='ocrx_word' id='word_1_207' title='bbox 569 2151 1056 2218; x_wconf 79' lang='lat' dir='ltr'><strong>Quemadmodum</strong></span> <span class='ocrx_word' id='word_1_208' title='bbox 1100 2161 1157 2209; x_wconf 91' lang='lat' dir='ltr'><strong>ct</strong></span> <span class='ocrx_word' id='word_1_209' title='bbox 1186 2152 1396 2210; x_wconf 89' lang='lat' dir='ltr'><strong>Graeci</strong></span> <span class='ocrx_word' id='word_1_210' title='bbox 1441 2152 1592 2226; x_wconf 89' lang='lat' dir='ltr'><strong>apud</strong></span> <span class='ocrx_word' id='word_1_211' title='bbox 1636 2153 1948 2209; x_wconf 88' lang='lat' dir='ltr'><strong>torcularia</strong></span> <span class='ocrx_word' id='word_1_212' title='bbox 1991 2141 2214 2225; x_wconf 70' lang='grc' dir='ltr'><strong><em>ὕμνους</em></strong></span> <span class='ocrx_word' id='word_1_213' title='bbox 2252 2148 2468 2231; x_wconf 75' lang='grc' dir='ltr'><strong><em>ἐπιλη-</em></strong></span> 
     </span>
     <span class='ocr_line' id='line_1_23' title="bbox 246 2234 2468 2308; baseline 0.001 -17"><span class='ocrx_word' id='word_1_214' title='bbox 246 2241 420 2308; x_wconf 53' lang='lat' dir='ltr'><strong>&#39;love</strong></span> <span class='ocrx_word' id='word_1_215' title='bbox 472 2235 806 2293; x_wconf 87' lang='lat' dir='ltr'><strong>decantatos</strong></span> <span class='ocrx_word' id='word_1_216' title='bbox 853 2236 1020 2293; x_wconf 90' lang='lat' dir='ltr'><strong>docet</strong></span> <span class='ocrx_word' id='word_1_217' title='bbox 1063 2235 1369 2294; x_wconf 83' lang='lat' dir='ltr'><strong>Anacreon</strong></span> <span class='ocrx_word' id='word_1_218' title='bbox 1408 2235 1521 2294; x_wconf 83' lang='lat' dir='ltr'><strong>od.</strong></span> <span class='ocrx_word' id='word_1_219' title='bbox 1554 2234 1653 2292; x_wconf 85' lang='lat'><strong>52.</strong></span> <span class='ocrx_word' id='word_1_220' title='bbox 1741 2235 1995 2306; x_wconf 74' lang='lat' dir='ltr'><strong>Praeivit</strong></span> <span class='ocrx_word' id='word_1_221' title='bbox 2038 2235 2189 2293; x_wconf 90' lang='lat' dir='ltr'><strong>hanc</strong></span> <span class='ocrx_word' id='word_1_222' title='bbox 2234 2247 2468 2294; x_wconf 87' lang='lat' dir='ltr'><strong>senten-</strong></span> 
     </span>
     <span class='ocr_line' id='line_1_24' title="bbox 246 2313 2467 2400; baseline -0.001 -20"><span class='ocrx_word' id='word_1_223' title='bbox 246 2325 395 2380; x_wconf 88' lang='lat' dir='ltr'><strong>tiam</strong></span> <span class='ocrx_word' id='word_1_224' title='bbox 446 2323 514 2378; x_wconf 88' lang='lat' dir='ltr'><strong>de</strong></span> <span class='ocrx_word' id='word_1_225' title='bbox 561 2338 689 2377; x_wconf 85' lang='lat' dir='ltr'><strong>voc.</strong></span> <span class='ocrx_word' id='word_1_226' title='bbox 708 2330 883 2380; x_wconf 59' lang='lat' dir='ltr'><strong>mm</strong></span> <span class='ocrx_word' id='word_1_227' title='bbox 930 2313 1242 2378; x_wconf 86' lang='lat' dir='ltr'><strong>Alexandr.</strong></span> <span class='ocrx_word' id='word_1_228' title='bbox 1289 2323 1531 2395; x_wconf 89' lang='lat' dir='ltr'><strong>interp.,</strong></span> <span class='ocrx_word' id='word_1_229' title='bbox 1601 2321 1701 2395; x_wconf 89' lang='lat' dir='ltr'><strong>qui</strong></span> <span class='ocrx_word' id='word_1_230' title='bbox 1744 2317 1897 2394; x_wconf 78' lang='grc' dir='ltr'><strong><em>ὑπὲρ</em></strong></span> <span class='ocrx_word' id='word_1_231' title='bbox 1943 2319 2065 2380; x_wconf 69' lang='grc' dir='ltr'><strong>τῶν</strong></span> <span class='ocrx_word' id='word_1_232' title='bbox 2109 2316 2335 2400; x_wconf 68' lang='grc' dir='ltr'><strong>ληνῶν,</strong></span> <span class='ocrx_word' id='word_1_233' title='bbox 2397 2320 2467 2378; x_wconf 83' lang='lat' dir='ltr'><strong>de</strong></span> 
     </span>
     <span class='ocr_line' id='line_1_25' title="bbox 251 2401 2465 2481; baseline -0 -18"><span class='ocrx_word' id='word_1_234' title='bbox 251 2401 661 2463; x_wconf 67' lang='lat' dir='ltr'><strong>torcularibus·</strong></span> <span class='ocrx_word' id='word_1_235' title='bbox 707 2402 998 2474; x_wconf 85' lang='lat' dir='ltr'><strong>reddidit,</strong></span> <span class='ocrx_word' id='word_1_236' title='bbox 1066 2404 1570 2481; x_wconf 78' lang='lat' dir='ltr'><strong>comprobavitque</strong></span> <span class='ocrx_word' id='word_1_237' title='bbox 1617 2402 1924 2463; x_wconf 89' lang='lat' dir='ltr'><strong>Lutherus.</strong></span> <span class='ocrx_word' id='word_1_238' title='bbox 2008 2403 2139 2464; x_wconf 89' lang='lat' dir='ltr'><strong>Vid.</strong></span> <span class='ocrx_word' id='word_1_239' title='bbox 2191 2414 2248 2463; x_wconf 87' lang='lat' dir='ltr'><strong>et</strong></span> <span class='ocrx_word' id='word_1_240' title='bbox 2285 2405 2354 2464; x_wconf 91' lang='lat' dir='ltr'><strong>A.</strong></span> <span class='ocrx_word' id='word_1_241' title='bbox 2396 2404 2465 2463; x_wconf 83' lang='lat' dir='ltr'><strong>F.</strong></span> 
     </span>
     <span class='ocr_line' id='line_1_26' title="bbox 243 2486 2466 2568; baseline 0 -20"><span class='ocrx_word' id='word_1_242' title='bbox 243 2490 634 2547; x_wconf 61' lang='lat' dir='ltr'><strong>Prien-rasus</strong></span> <span class='ocrx_word' id='word_1_243' title='bbox 685 2486 826 2545; x_wconf 85' lang='lat' dir='ltr'><strong>Ueb.</strong></span> <span class='ocrx_word' id='word_1_244' title='bbox 870 2487 928 2546; x_wconf 82' lang='lat' dir='ltr'><strong>d.</strong></span> <span class='ocrx_word' id='word_1_245' title='bbox 972 2487 1174 2545; x_wconf 80' lang='lat' dir='ltr'><strong>Musilc</strong></span> <span class='ocrx_word' id='word_1_246' title='bbox 1215 2489 1272 2549; x_wconf 84' lang='lat' dir='ltr'><strong>d.</strong></span> <span class='ocrx_word' id='word_1_247' title='bbox 1315 2487 1641 2546; x_wconf 81' lang='lat' dir='ltr'><strong>alt.Heb1-.</strong></span> <span class='ocrx_word' id='word_1_248' title='bbox 1679 2490 1921 2568; x_wconf 88' lang='lat' dir='ltr'><strong>Erlang.</strong></span> <span class='ocrx_word' id='word_1_249' title='bbox 1954 2489 2134 2547; x_wconf 83' lang='lat'><strong>1779.</strong></span> <span class='ocrx_word' id='word_1_250' title='bbox 2176 2500 2237 2550; x_wconf 88' lang='grc'><strong>4.</strong></span> <span class='ocrx_word' id='word_1_251' title='bbox 2280 2507 2334 2563; x_wconf 89' lang='lat' dir='ltr'><strong>p.</strong></span> <span class='ocrx_word' id='word_1_252' title='bbox 2365 2490 2466 2548; x_wconf 86' lang='grc'><strong>33.</strong></span> 
     </span>
     <span class='ocr_line' id='line_1_27' title="bbox 242 2573 2469 2652; baseline 0.001 -22"><span class='ocrx_word' id='word_1_253' title='bbox 242 2576 383 2643; x_wconf 77' lang='lat' dir='ltr'><strong>Quo</strong></span> <span class='ocrx_word' id='word_1_254' title='bbox 412 2575 605 2630; x_wconf 84' lang='lat' dir='ltr'><strong>minus</strong></span> <span class='ocrx_word' id='word_1_255' title='bbox 638 2581 832 2630; x_wconf 90' lang='lat' dir='ltr'><strong>tamen</strong></span> <span class='ocrx_word' id='word_1_256' title='bbox 862 2593 971 2652; x_wconf 86' lang='lat' dir='ltr'><strong>ego</strong></span> <span class='ocrx_word' id='word_1_257' title='bbox 1004 2575 1282 2629; x_wconf 79' lang='lat' dir='ltr'><strong>calculum</strong></span> <span class='ocrx_word' id='word_1_258' title='bbox 1312 2573 1448 2630; x_wconf 92' lang='lat' dir='ltr'><strong>huic</strong></span> <span class='ocrx_word' id='word_1_259' title='bbox 1477 2577 1794 2632; x_wconf 88' lang='lat' dir='ltr'><strong>sententiae</strong></span> <span class='ocrx_word' id='word_1_260' title='bbox 1820 2574 2048 2646; x_wconf 88' lang='lat' dir='ltr'><strong>addam,</strong></span> <span class='ocrx_word' id='word_1_261' title='bbox 2086 2595 2176 2632; x_wconf 91' lang='lat' dir='ltr'><strong>me</strong></span> <span class='ocrx_word' id='word_1_262' title='bbox 2205 2575 2469 2649; x_wconf 87' lang='lat' dir='ltr'><strong>impedit,</strong></span> 
     </span>
     <span class='ocr_line' id='line_1_28' title="bbox 240 2654 2470 2735; baseline 0.001 -21"><span class='ocrx_word' id='word_1_263' title='bbox 240 2659 418 2735; x_wconf 79' lang='lat' dir='ltr'><strong>quod.</strong></span> <span class='ocrx_word' id='word_1_264' title='bbox 439 2655 704 2729; x_wconf 88' lang='lat' dir='ltr'><strong>credam,</strong></span> <span class='ocrx_word' id='word_1_265' title='bbox 758 2677 921 2730; x_wconf 90' lang='lat' dir='ltr'><strong>eum,</strong></span> <span class='ocrx_word' id='word_1_266' title='bbox 983 2659 1082 2733; x_wconf 88' lang='lat' dir='ltr'><strong>qui</strong></span> <span class='ocrx_word' id='word_1_267' title='bbox 1129 2654 1332 2714; x_wconf 89' lang='lat' dir='ltr'><strong>titulos</strong></span> <span class='ocrx_word' id='word_1_268' title='bbox 1378 2659 1497 2713; x_wconf 90' lang='lat' dir='ltr'><strong>illis</strong></span> <span class='ocrx_word' id='word_1_269' title='bbox 1538 2660 1889 2715; x_wconf 87' lang='lat' dir='ltr'><strong>carminibus</strong></span> <span class='ocrx_word' id='word_1_270' title='bbox 1932 2659 2239 2735; x_wconf 84' lang='lat' dir='ltr'><strong>praefixit,</strong></span> <span class='ocrx_word' id='word_1_271' title='bbox 2294 2662 2348 2716; x_wconf 90' lang='lat' dir='ltr'><strong>si</strong></span> <span class='ocrx_word' id='word_1_272' title='bbox 2394 2659 2470 2717; x_wconf 90' lang='lat' dir='ltr'><strong>ad</strong></span> 
     </span>
     <span class='ocr_line' id='line_1_29' title="bbox 244 2740 2467 2836; baseline -0 -35"><span class='ocrx_word' id='word_1_273' title='bbox 244 2740 591 2801; x_wconf 78' lang='lat' dir='ltr'><strong>torcularia</strong></span> <span class='ocrx_word' id='word_1_274' title='bbox 631 2758 702 2797; x_wconf 88' lang='lat' dir='ltr'><strong>ea</strong></span> <span class='ocrx_word' id='word_1_275' title='bbox 746 2742 1002 2800; x_wconf 89' lang='lat' dir='ltr'><strong>canenda</strong></span> <span class='ocrx_word' id='word_1_276' title='bbox 1046 2760 1172 2801; x_wconf 89' lang='lat' dir='ltr'><strong>esse</strong></span> <span class='ocrx_word' id='word_1_277' title='bbox 1212 2742 1545 2822; x_wconf 83' lang='lat' dir='ltr'><strong>significare</strong></span> <span class='ocrx_word' id='word_1_278' title='bbox 1590 2741 1906 2818; x_wconf 81' lang='lat' dir='ltr'><strong>voluisset,</strong></span> <span class='ocrx_word' id='word_1_279' title='bbox 1967 2744 2230 2820; x_wconf 81' lang='lat' dir='ltr'><strong>posuisse</strong></span> <span class='ocrx_word' id='word_1_280' title='bbox 2270 2745 2467 2836; x_wconf 81' lang='lat' dir='ltr'><strong>potius</strong></span> 
     </span>
     <span class='ocr_line' id='line_1_30' title="bbox 237 2834 970 2909; baseline -0.001 -21"><span class='ocrx_word' id='word_1_281' title='bbox 237 2834 497 2909; x_wconf 58' lang='lat' dir='ltr'><strong>nina-7,</strong></span> <span class='ocrx_word' id='word_1_282' title='bbox 536 2842 708 2902; x_wconf 79' lang='lat' dir='ltr'><strong>quam</strong></span> <span class='ocrx_word' id='word_1_283' title='bbox 741 2835 970 2889; x_wconf 62' lang='lat' dir='ltr'><strong>mnan.</strong></span> 
     </span>
    </p>
   </div>
   <div class='ocr_carea' id='block_1_5' title="bbox 1337 2973 1387 3025">
    <p class='ocr_par' dir='ltr' id='par_1_5' title="bbox 1337 2973 1387 3025">
     <span class='ocr_line' id='line_1_31' title="bbox 1337 2973 1387 3025; baseline 0.022 -1"><span class='ocrx_word' id='word_1_284' title='bbox 1337 2973 1387 3025; x_wconf 72' lang='lat' dir='ltr'>n</span> 
     </span>
    </p>
   </div>
   <div class='ocr_carea' id='block_1_6' title="bbox 227 3075 2512 4436">
    <p class='ocr_par' dir='ltr' id='par_1_6' title="bbox 227 3075 2512 4436">
     <span class='ocr_line' id='line_1_32' title="bbox 415 3075 2472 3178; baseline 0.001 -36"><span class='ocrx_word' id='word_1_285' title='bbox 415 3075 551 3146; x_wconf 57' lang='lat'><strong>5⁷:⁵7</strong></span> <span class='ocrx_word' id='word_1_286' title='bbox 579 3077 938 3153; x_wconf 76' lang='lat' dir='ltr'><strong>celebravit,</strong></span> <span class='ocrx_word' id='word_1_287' title='bbox 980 3078 1120 3138; x_wconf 82' lang='lat' dir='ltr'><strong>hinc</strong></span> <span class='ocrx_word' id='word_1_288' title='bbox 1165 3075 1353 3171; x_wconf 59' lang='grc' dir='ltr'><strong>ἥξῒτη</strong></span> <span class='ocrx_word' id='word_1_289' title='bbox 1393 3082 1556 3156; x_wconf 81' lang='lat' dir='ltr'><strong>laus,</strong></span> <span class='ocrx_word' id='word_1_290' title='bbox 1601 3078 1903 3156; x_wconf 79' lang='lat' dir='ltr'><strong>laudatio,</strong></span> <span class='ocrx_word' id='word_1_291' title='bbox 1947 3083 2105 3141; x_wconf 90' lang='lat' dir='ltr'><strong>Plur.</strong></span> <span class='ocrx_word' id='word_1_292' title='bbox 2141 3078 2362 3178; x_wconf 36' lang='lat' dir='ltr'><strong>mbr-tn</strong></span> <span class='ocrx_word' id='word_1_293' title='bbox 2411 3096 2472 3145; x_wconf 89' lang='lat' dir='ltr'><strong>et</strong></span> 
     </span>
     <span class='ocr_line' id='line_1_33' title="bbox 240 3148 2472 3258; baseline -0 -29"><span class='ocrx_word' id='word_1_294' title='bbox 240 3148 502 3258; x_wconf 56' lang='grc' dir='ltr'><strong>βἿξηι-τ,</strong></span> <span class='ocrx_word' id='word_1_295' title='bbox 574 3161 787 3229; x_wconf 49' lang='lat' dir='ltr'><strong>nffbnn</strong></span> <span class='ocrx_word' id='word_1_296' title='bbox 831 3175 966 3244; x_wconf 61' lang='grc' dir='ltr'><strong>Ἶῖρῦ</strong></span> <span class='ocrx_word' id='word_1_297' title='bbox 1006 3165 1155 3223; x_wconf 78' lang='lat' dir='ltr'><strong>liber</strong></span> <span class='ocrx_word' id='word_1_298' title='bbox 1195 3150 1460 3240; x_wconf 76' lang='grc' dir='ltr'><strong>ῖᾶιιᾱὶιηι,</strong></span> <span class='ocrx_word' id='word_1_299' title='bbox 1506 3170 1620 3239; x_wconf 86' lang='lat' dir='ltr'><strong>vel,</strong></span> <span class='ocrx_word' id='word_1_300' title='bbox 1663 3177 1730 3224; x_wconf 91' lang='lat' dir='ltr'><strong>ut</strong></span> <span class='ocrx_word' id='word_1_301' title='bbox 1761 3166 2152 3245; x_wconf 79' lang='lat' dir='ltr'><strong>Hieronymus</strong></span> <span class='ocrx_word' id='word_1_302' title='bbox 2187 3151 2472 3246; x_wconf 84' lang='lat' dir='ltr'><strong>interpre-</strong></span> 
     </span>
     <span class='ocr_line' id='line_1_34' title="bbox 240 3228 2468 3325; baseline 0.002 -15"><span class='ocrx_word' id='word_1_303' title='bbox 240 3261 432 3323; x_wconf 83' lang='lat' dir='ltr'><strong>tatur,</strong></span> <span class='ocrx_word' id='word_1_304' title='bbox 452 3232 624 3309; x_wconf 74' lang='lat' dir='ltr'><strong>liber</strong></span> <span class='ocrx_word' id='word_1_305' title='bbox 657 3228 1015 3325; x_wconf 61' lang='lat' dir='ltr'><strong>hymnorum,</strong></span> <span class='ocrx_word' id='word_1_306' title='bbox 1062 3253 1132 3309; x_wconf 87' lang='lat' dir='ltr'><strong>ab</strong></span> <span class='ocrx_word' id='word_1_307' title='bbox 1167 3250 1446 3310; x_wconf 82' lang='lat' dir='ltr'><strong>Hebraeis</strong></span> <span class='ocrx_word' id='word_1_308' title='bbox 1478 3253 1819 3310; x_wconf 85' lang='lat' dir='ltr'><strong>inscribitur</strong></span> <span class='ocrx_word' id='word_1_309' title='bbox 1852 3262 2114 3309; x_wconf 87' lang='lat' dir='ltr'><strong>nostrum</strong></span> <span class='ocrx_word' id='word_1_310' title='bbox 2147 3256 2468 3315; x_wconf 84' lang='lat' dir='ltr'><strong>carminum</strong></span> 
     </span>
     <span class='ocr_line' id='line_1_35' title="bbox 235 3335 2469 3414; baseline 0.001 -20"><span class='ocrx_word' id='word_1_311' title='bbox 235 3337 553 3408; x_wconf 76' lang='lat' dir='ltr'><strong>volumen,</strong></span> <span class='ocrx_word' id='word_1_312' title='bbox 601 3353 638 3391; x_wconf 92' lang='lat' dir='ltr'><strong>a</strong></span> <span class='ocrx_word' id='word_1_313' title='bbox 670 3335 893 3408; x_wconf 91' lang='lat' dir='ltr'><strong>potiori</strong></span> <span class='ocrx_word' id='word_1_314' title='bbox 924 3335 1159 3393; x_wconf 84' lang='lat' dir='ltr'><strong>illorum</strong></span> <span class='ocrx_word' id='word_1_315' title='bbox 1196 3347 1358 3408; x_wconf 87' lang='lat' dir='ltr'><strong>parte</strong></span> <span class='ocrx_word' id='word_1_316' title='bbox 1389 3341 1571 3413; x_wconf 90' lang='lat' dir='ltr'><strong>petita</strong></span> <span class='ocrx_word' id='word_1_317' title='bbox 1602 3338 2094 3408; x_wconf 85' lang='lat' dir='ltr'><strong>denominatione,</strong></span> <span class='ocrx_word' id='word_1_318' title='bbox 2141 3340 2293 3414; x_wconf 89' lang='lat' dir='ltr'><strong>quod</strong></span> <span class='ocrx_word' id='word_1_319' title='bbox 2324 3340 2469 3397; x_wconf 89' lang='lat' dir='ltr'><strong>emi-</strong></span> 
     </span>
     <span class='ocr_line' id='line_1_36' title="bbox 238 3419 2470 3500; baseline 0.002 -23"><span class='ocrx_word' id='word_1_320' title='bbox 238 3430 428 3477; x_wconf 83' lang='lat' dir='ltr'><strong>neant</strong></span> <span class='ocrx_word' id='word_1_321' title='bbox 472 3422 536 3477; x_wconf 91' lang='lat' dir='ltr'><strong>in</strong></span> <span class='ocrx_word' id='word_1_322' title='bbox 576 3421 650 3477; x_wconf 87' lang='lat' dir='ltr'><strong>iis</strong></span> <span class='ocrx_word' id='word_1_323' title='bbox 687 3437 753 3476; x_wconf 84' lang='lat' dir='ltr'><strong>ea</strong></span> <span class='ocrx_word' id='word_1_324' title='bbox 791 3422 1082 3493; x_wconf 84' lang='lat' dir='ltr'><strong>carmina,</strong></span> <span class='ocrx_word' id='word_1_325' title='bbox 1127 3439 1270 3499; x_wconf 82' lang='lat' dir='ltr'><strong>quae</strong></span> <span class='ocrx_word' id='word_1_326' title='bbox 1309 3421 1545 3480; x_wconf 87' lang='lat' dir='ltr'><strong>Graecis</strong></span> <span class='ocrx_word' id='word_1_327' title='bbox 1578 3423 1810 3496; x_wconf 87' lang='lat' dir='ltr'><strong>proprie</strong></span> <span class='ocrx_word' id='word_1_328' title='bbox 1845 3419 2043 3497; x_wconf 71' lang='lat' dir='ltr'><strong>hymni</strong></span> <span class='ocrx_word' id='word_1_329' title='bbox 2082 3432 2253 3495; x_wconf 85' lang='lat' dir='ltr'><strong>sunt,</strong></span> <span class='ocrx_word' id='word_1_330' title='bbox 2298 3433 2470 3500; x_wconf 84' lang='lat' dir='ltr'><strong>atque</strong></span> 
     </span>
     <span class='ocr_line' id='line_1_37' title="bbox 239 3504 2468 3585; baseline 0.001 -24"><span class='ocrx_word' id='word_1_331' title='bbox 239 3506 296 3562; x_wconf 88' lang='lat' dir='ltr'><strong>si</strong></span> <span class='ocrx_word' id='word_1_332' title='bbox 344 3522 492 3579; x_wconf 89' lang='lat' dir='ltr'><strong>quae</strong></span> <span class='ocrx_word' id='word_1_333' title='bbox 541 3508 714 3561; x_wconf 88' lang='lat' dir='ltr'><strong>etiam</strong></span> <span class='ocrx_word' id='word_1_334' title='bbox 768 3504 831 3559; x_wconf 88' lang='lat' dir='ltr'><strong>in</strong></span> <span class='ocrx_word' id='word_1_335' title='bbox 878 3505 1009 3561; x_wconf 85' lang='lat' dir='ltr'><strong>aliis</strong></span> <span class='ocrx_word' id='word_1_336' title='bbox 1061 3508 1419 3585; x_wconf 83' lang='lat' dir='ltr'><strong>argumentis</strong></span> <span class='ocrx_word' id='word_1_337' title='bbox 1468 3517 1813 3577; x_wconf 85' lang='lat' dir='ltr'><strong>versantur,</strong></span> <span class='ocrx_word' id='word_1_338' title='bbox 1885 3517 2079 3563; x_wconf 88' lang='lat' dir='ltr'><strong>tamen</strong></span> <span class='ocrx_word' id='word_1_339' title='bbox 2133 3508 2468 3583; x_wconf 91' lang='lat' dir='ltr'><strong>plerumque</strong></span> 
     </span>
     <span class='ocr_line' id='line_1_38' title="bbox 238 3589 2469 3670; baseline 0.002 -24"><span class='ocrx_word' id='word_1_340' title='bbox 238 3591 639 3667; x_wconf 85' lang='lat' dir='ltr'><strong>conjungunt</strong></span> <span class='ocrx_word' id='word_1_341' title='bbox 653 3589 862 3644; x_wconf 89' lang='lat' dir='ltr'><strong>summi</strong></span> <span class='ocrx_word' id='word_1_342' title='bbox 907 3593 1162 3647; x_wconf 88' lang='lat' dir='ltr'><strong>numinis</strong></span> <span class='ocrx_word' id='word_1_343' title='bbox 1203 3590 1431 3646; x_wconf 89' lang='lat' dir='ltr'><strong>laudem</strong></span> <span class='ocrx_word' id='word_1_344' title='bbox 1475 3602 1534 3647; x_wconf 90' lang='lat' dir='ltr'><strong>et</strong></span> <span class='ocrx_word' id='word_1_345' title='bbox 1573 3590 2031 3651; x_wconf 87' lang='lat' dir='ltr'><strong>celebrationem.</strong></span> <span class='ocrx_word' id='word_1_346' title='bbox 2124 3590 2317 3670; x_wconf 86' lang='lat' dir='ltr'><strong>Vulgo</strong></span> <span class='ocrx_word' id='word_1_347' title='bbox 2364 3612 2469 3667; x_wconf 91' lang='lat' dir='ltr'><strong>per</strong></span> 
     </span>
     <span class='ocr_line' id='line_1_39' title="bbox 233 3672 2467 3767; baseline 0.001 -36"><span class='ocrx_word' id='word_1_348' title='bbox 233 3689 572 3750; x_wconf 81' lang='lat' dir='ltr'><strong>syncopen,</strong></span> <span class='ocrx_word' id='word_1_349' title='bbox 614 3674 701 3730; x_wconf 88' lang='lat' dir='ltr'><strong>lit.</strong></span> <span class='ocrx_word' id='word_1_350' title='bbox 737 3681 785 3730; x_wconf 70' lang='lat' dir='ltr'><strong>r:</strong></span> <span class='ocrx_word' id='word_1_351' title='bbox 813 3673 992 3767; x_wconf 83' lang='lat' dir='ltr'><strong>elisa,</strong></span> <span class='ocrx_word' id='word_1_352' title='bbox 1036 3673 1241 3732; x_wconf 85' lang='lat' dir='ltr'><strong>Judaei</strong></span> <span class='ocrx_word' id='word_1_353' title='bbox 1285 3676 1552 3731; x_wconf 84' lang='lat' dir='ltr'><strong>scribunt</strong></span> <span class='ocrx_word' id='word_1_354' title='bbox 1595 3672 1746 3735; x_wconf 61' lang='lat' dir='ltr'><strong>mbr}</strong></span> <span class='ocrx_word' id='word_1_355' title='bbox 1791 3685 2043 3747; x_wconf 51' lang='lat' dir='ltr'><strong>*mma</strong></span> <span class='ocrx_word' id='word_1_356' title='bbox 2016 3672 2303 3732; x_wconf 88' lang='lat' dir='ltr'><strong>s..Chald</strong></span> <span class='ocrx_word' id='word_1_357' title='bbox 2346 3686 2467 3733; x_wconf 87' lang='lat' dir='ltr'><strong>ter-</strong></span> 
     </span>
     <span class='ocr_line' id='line_1_40' title="bbox 236 3742 2465 3842; baseline 0 -25"><span class='ocrx_word' id='word_1_358' title='bbox 236 3761 585 3831; x_wconf 86' lang='lat' dir='ltr'><strong>minatione,</strong></span> <span class='ocrx_word' id='word_1_359' title='bbox 625 3755 767 3842; x_wconf 61' lang='lat' dir='ltr'><strong>rbn</strong></span> <span class='ocrx_word' id='word_1_360' title='bbox 813 3742 927 3818; x_wconf 80' lang='lat'><strong>0..</strong></span> <span class='ocrx_word' id='word_1_361' title='bbox 980 3758 1048 3816; x_wconf 89' lang='lat' dir='ltr'><strong>In</strong></span> <span class='ocrx_word' id='word_1_362' title='bbox 1083 3759 1152 3817; x_wconf 93' lang='lat' dir='ltr'><strong>N.</strong></span> <span class='ocrx_word' id='word_1_363' title='bbox 1185 3758 1256 3817; x_wconf 93' lang='grc' dir='ltr'><strong>Τ.</strong></span> <span class='ocrx_word' id='word_1_364' title='bbox 1300 3759 1462 3834; x_wconf 84' lang='lat' dir='ltr'><strong>(Luc.</strong></span> <span class='ocrx_word' id='word_1_365' title='bbox 1495 3762 1599 3833; x_wconf 85' lang='grc'><strong>20,</strong></span> <span class='ocrx_word' id='word_1_366' title='bbox 1627 3761 1730 3815; x_wconf 89' lang='grc'><strong>42.</strong></span> <span class='ocrx_word' id='word_1_367' title='bbox 1773 3760 1901 3817; x_wconf 92' lang='lat' dir='ltr'><strong>Act.</strong></span> <span class='ocrx_word' id='word_1_368' title='bbox 1937 3761 1962 3814; x_wconf 96' lang='lat' dir='ltr'><strong>l</strong></span> <span class='ocrx_word' id='word_1_369' title='bbox 1976 3755 2153 3837; x_wconf 86' lang='grc'><strong>,20.)</strong></span> <span class='ocrx_word' id='word_1_370' title='bbox 2196 3763 2465 3818; x_wconf 85' lang='lat' dir='ltr'><strong>volumen</strong></span> 
     </span>
     <span class='ocr_line' id='line_1_41' title="bbox 236 3838 2512 3942; baseline 0.001 -42"><span class='ocrx_word' id='word_1_371' title='bbox 236 3842 346 3901; x_wconf 86' lang='lat' dir='ltr'><strong>hoc</strong></span> <span class='ocrx_word' id='word_1_372' title='bbox 387 3840 621 3942; x_wconf 16' lang='grc' dir='ltr'><strong>βικβλος</strong></span> <span class='ocrx_word' id='word_1_373' title='bbox 653 3838 913 3921; x_wconf 75' lang='grc' dir='ltr'><strong><em>ψαλμῶν</em></strong></span> <span class='ocrx_word' id='word_1_374' title='bbox 953 3854 1230 3915; x_wconf 86' lang='lat' dir='ltr'><strong>vocatur,</strong></span> <span class='ocrx_word' id='word_1_375' title='bbox 1298 3862 1333 3900; x_wconf 88' lang='lat' dir='ltr'><strong>a</strong></span> <span class='ocrx_word' id='word_1_376' title='bbox 1375 3845 1613 3902; x_wconf 87' lang='lat' dir='ltr'><strong>Graecis</strong></span> <span class='ocrx_word' id='word_1_377' title='bbox 1658 3853 1849 3900; x_wconf 89' lang='lat' dir='ltr'><strong>autem</strong></span> <span class='ocrx_word' id='word_1_378' title='bbox 1892 3846 2071 3923; x_wconf 84' lang='lat' dir='ltr'><strong>vulgo</strong></span> <span class='ocrx_word' id='word_1_379' title='bbox 2115 3840 2353 3919; x_wconf 76' lang='grc' dir='ltr'><strong><em>ψαλμοὶ</em></strong></span> <span class='ocrx_word' id='word_1_380' title='bbox 2407 3856 2466 3903; x_wconf 88' lang='lat' dir='ltr'><strong>et</strong></span> <span class='ocrx_word' id='word_1_381' title='bbox 2509 3885 2512 3886; x_wconf 25' lang='grc' dir='ltr'><em>ν</em></span> 
     </span>
     <span class='ocr_line' id='line_1_42' title="bbox 237 3923 2466 4026; baseline 0.001 -40"><span class='ocrx_word' id='word_1_382' title='bbox 237 3923 619 4006; x_wconf 69' lang='grc' dir='ltr'><strong>ψαλτὴυιον,</strong></span> <span class='ocrx_word' id='word_1_383' title='bbox 673 3929 836 3984; x_wconf 82' lang='lat' dir='ltr'><strong>vocis</strong></span> <span class='ocrx_word' id='word_1_384' title='bbox 883 3927 1309 4004; x_wconf 86' lang='lat' dir='ltr'><strong>significatione</strong></span> <span class='ocrx_word' id='word_1_385' title='bbox 1351 3931 1558 3987; x_wconf 84' lang='lat' dir='ltr'><strong>leviter</strong></span> <span class='ocrx_word' id='word_1_386' title='bbox 1600 3927 1846 4001; x_wconf 83' lang='lat' dir='ltr'><strong>inflexa,</strong></span> <span class='ocrx_word' id='word_1_387' title='bbox 1899 3938 2068 4026; x_wconf 80' lang='lat' dir='ltr'><strong>atque</strong></span> <span class='ocrx_word' id='word_1_388' title='bbox 2097 3928 2171 3985; x_wconf 88' lang='lat' dir='ltr'><strong>ad</strong></span> <span class='ocrx_word' id='word_1_389' title='bbox 2207 3927 2466 3988; x_wconf 84' lang='lat' dir='ltr'><strong>carmina</strong></span> 
     </span>
     <span class='ocr_line' id='line_1_43' title="bbox 235 4008 2460 4091; baseline 0 -21"><span class='ocrx_word' id='word_1_390' title='bbox 235 4017 361 4089; x_wconf 88' lang='lat' dir='ltr'><strong>ipsa</strong></span> <span class='ocrx_word' id='word_1_391' title='bbox 410 4012 858 4069; x_wconf 88' lang='lat' dir='ltr'><strong>accommodata.</strong></span> <span class='ocrx_word' id='word_1_392' title='bbox 944 4013 1053 4069; x_wconf 89' lang='lat' dir='ltr'><strong>Est</strong></span> <span class='ocrx_word' id='word_1_393' title='bbox 1093 4016 1245 4070; x_wconf 88' lang='lat' dir='ltr'><strong>enim</strong></span> <span class='ocrx_word' id='word_1_394' title='bbox 1290 4008 1507 4090; x_wconf 75' lang='grc' dir='ltr'><em>ψάλλω</em></span> <span class='ocrx_word' id='word_1_395' title='bbox 1550 4013 1733 4088; x_wconf 90' lang='lat' dir='ltr'><strong>primo</strong></span> <span class='ocrx_word' id='word_1_396' title='bbox 1773 4015 1836 4068; x_wconf 88' lang='lat' dir='ltr'><strong>in</strong></span> <span class='ocrx_word' id='word_1_397' title='bbox 1880 4014 2213 4069; x_wconf 77' lang='lat' dir='ltr'><strong>universum</strong></span> <span class='ocrx_word' id='word_1_398' title='bbox 2254 4022 2460 4091; x_wconf 83' lang='lat' dir='ltr'><strong>tango,</strong></span> 
     </span>
     <span class='ocr_line' id='line_1_44' title="bbox 238 4095 2460 4176; baseline 0 -22"><span class='ocrx_word' id='word_1_399' title='bbox 238 4099 353 4154; x_wconf 73' lang='lat' dir='ltr'><strong>lem·</strong></span> <span class='ocrx_word' id='word_1_400' title='bbox 399 4107 562 4153; x_wconf 81' lang='lat' dir='ltr'><strong>motu</strong></span> <span class='ocrx_word' id='word_1_401' title='bbox 599 4097 921 4173; x_wconf 74' lang='lat' dir='ltr'><strong>percutio,</strong></span> <span class='ocrx_word' id='word_1_402' title='bbox 967 4105 1089 4154; x_wconf 87' lang='lat' dir='ltr'><strong>tum</strong></span> <span class='ocrx_word' id='word_1_403' title='bbox 1122 4100 1422 4173; x_wconf 89' lang='lat' dir='ltr'><strong>praecipue</strong></span> <span class='ocrx_word' id='word_1_404' title='bbox 1452 4095 1618 4171; x_wconf 79' lang='lat' dir='ltr'><strong>fides</strong></span> <span class='ocrx_word' id='word_1_405' title='bbox 1662 4105 1880 4173; x_wconf 80' lang='lat' dir='ltr'><strong>tango,</strong></span> <span class='ocrx_word' id='word_1_406' title='bbox 1923 4097 2204 4176; x_wconf 77' lang='lat' dir='ltr'><strong>increpo,</strong></span> <span class='ocrx_word' id='word_1_407' title='bbox 2249 4099 2460 4157; x_wconf 83' lang='lat' dir='ltr'><strong>fidibus</strong></span> 
     </span>
     <span class='ocr_line' id='line_1_45' title="bbox 240 4177 2461 4261; baseline 0 -24"><span class='ocrx_word' id='word_1_408' title='bbox 240 4200 401 4239; x_wconf 88' lang='lat' dir='ltr'><strong>cano.</strong></span> <span class='ocrx_word' id='word_1_409' title='bbox 490 4180 646 4238; x_wconf 87' lang='lat' dir='ltr'><strong>Hinc</strong></span> <span class='ocrx_word' id='word_1_410' title='bbox 680 4177 1028 4258; x_wconf 75' lang='grc' dir='ltr'><strong><em>ψαλτήριον</em></strong></span> <span class='ocrx_word' id='word_1_411' title='bbox 1071 4184 1282 4240; x_wconf 90' lang='lat' dir='ltr'><strong>dicitur</strong></span> <span class='ocrx_word' id='word_1_412' title='bbox 1317 4186 1765 4239; x_wconf 88' lang='lat' dir='ltr'><strong>instrumentum</strong></span> <span class='ocrx_word' id='word_1_413' title='bbox 1796 4178 2114 4256; x_wconf 89' lang='lat' dir='ltr'><strong>musicum,</strong></span> <span class='ocrx_word' id='word_1_414' title='bbox 2157 4201 2270 4261; x_wconf 91' lang='lat' dir='ltr'><strong>quo</strong></span> <span class='ocrx_word' id='word_1_415' title='bbox 2306 4184 2461 4259; x_wconf 87' lang='lat' dir='ltr'><strong>psal-</strong></span> 
     </span>
     <span class='ocr_line' id='line_1_46' title="bbox 231 4263 2460 4344; baseline -0.001 -21"><span class='ocrx_word' id='word_1_416' title='bbox 231 4267 408 4344; x_wconf 77' lang='lat' dir='ltr'><strong>litur3</strong></span> <span class='ocrx_word' id='word_1_417' title='bbox 466 4263 594 4324; x_wconf 84' lang='lat' dir='ltr'><strong>sive</strong></span> <span class='ocrx_word' id='word_1_418' title='bbox 633 4267 707 4322; x_wconf 85' lang='lat' dir='ltr'><strong>ad</strong></span> <span class='ocrx_word' id='word_1_419' title='bbox 742 4275 979 4324; x_wconf 87' lang='lat' dir='ltr'><strong>nostrae</strong></span> <span class='ocrx_word' id='word_1_420' title='bbox 1014 4265 1271 4344; x_wconf 85' lang='lat' dir='ltr'><strong>chelydis</strong></span> <span class='ocrx_word' id='word_1_421' title='bbox 1312 4267 1556 4325; x_wconf 85' lang='lat' dir='ltr'><strong>formam</strong></span> <span class='ocrx_word' id='word_1_422' title='bbox 1591 4265 1934 4341; x_wconf 86' lang='lat' dir='ltr'><strong>modumque</strong></span> <span class='ocrx_word' id='word_1_423' title='bbox 1970 4270 2234 4343; x_wconf 82' lang='lat' dir='ltr'><strong>proxime</strong></span> <span class='ocrx_word' id='word_1_424' title='bbox 2266 4285 2460 4324; x_wconf 84' lang='lat' dir='ltr'><strong>acces-</strong></span> 
     </span>
     <span class='ocr_line' id='line_1_47' title="bbox 227 4351 2457 4436; baseline -0.001 -28"><span class='ocrx_word' id='word_1_425' title='bbox 227 4352 409 4425; x_wconf 88' lang='lat' dir='ltr'><strong>serit,</strong></span> <span class='ocrx_word' id='word_1_426' title='bbox 477 4352 636 4429; x_wconf 80' lang='lat' dir='ltr'><strong>sive,</strong></span> <span class='ocrx_word' id='word_1_427' title='bbox 701 4367 848 4429; x_wconf 86' lang='lat' dir='ltr'><strong>quae</strong></span> <span class='ocrx_word' id='word_1_428' title='bbox 892 4354 1211 4413; x_wconf 86' lang='lat' dir='ltr'><strong>communis</strong></span> <span class='ocrx_word' id='word_1_429' title='bbox 1255 4361 1346 4411; x_wconf 87' lang='lat' dir='ltr'><strong>est</strong></span> <span class='ocrx_word' id='word_1_430' title='bbox 1388 4351 1644 4436; x_wconf 67' lang='lat' dir='ltr'><strong>aliorum</strong></span> <span class='ocrx_word' id='word_1_431' title='bbox 1694 4352 1981 4410; x_wconf 89' lang='lat' dir='ltr'><strong>sententia</strong></span> <span class='ocrx_word' id='word_1_432' title='bbox 1995 4390 2025 4432; x_wconf 46' lang='grc' dir='ltr'><strong>,Ι</strong></span> <span class='ocrx_word' id='word_1_433' title='bbox 2073 4352 2457 4430; x_wconf 81' lang='lat' dir='ltr'><strong>triangularis</strong></span> 
     </span>
    </p>
   </div>
  </div>
 </body>
</html>
