2807 4913
322 296 468 367 156
670 324 677 328 ·
1137 301 1260 366 Pe.
1309 297 1427 381 23,
1481 296 1722 360 2—4.

314 487 523 561 quibus
551 497 756 563 greges
789 484 881 540 sui
911 499 1084 541 curae
1112 491 1269 554 sunt,
1310 499 1409 540 eos
1437 499 1557 542 non
1587 490 1862 557 aquatum
1889 481 2107 537 ducunt
2137 481 2213 538 ad
2245 491 2535 538 torrentes

314 587 530 649 magno
564 588 691 624 cum
722 570 964 644 strepitu
996 577 1260 636 ruentes,
1304 567 1625 640 cujusmodi
1660 567 1894 641 aquatio
1933 567 2256 640 periculosa
2284 575 2372 621 est
2405 569 2535 623 ori·

316 656 444 726 bus,
471 672 578 709 nec
602 655 746 709 satis
769 670 932 709 sana.
982 652 1138 712 Hinc
1162 652 1325 722 dicit,
1345 651 1430 708 ad
1455 652 1709 726 placidas
1737 659 1795 706 et
1820 652 2029 706 leniter
2059 648 2343 707 fluentes.
2329 668 2531 727 aquas,
2618 689 2630 697 -

318 754 503 816 aquas
552 735 841 813 quietum,
903 755 964 793 se
1006 737 1174 807 duci,
1234 737 1333 793 ubi
1367 736 1488 806 jam
1537 737 1600 792 in
1648 734 1816 791 molli
1860 736 2100 809 planitie
2149 744 2253 791 aut
2290 746 2535 807 serpunt

316 824 455 893 rivi,
497 830 601 877 aut
631 829 925 900 stagnant.
997 818 1115 906 5532
1147 821 1421 877 convenit
1447 838 1578 876 cum
1603 818 1780 877 Arab.
1816 815 1952 890 ⁷:27³,
1996 819 2198 893 quod'
2179 837 2244 875 ιιι
2273 818 2438 892 Conj.
2470 824 2533 874 4.

315 906 642 986 significat:
687 906 931 962 curavit
954 887 1219 982 pecudes
1244 904 1451 983 primo
1478 912 1637 981 potu
1673 902 1885 974 bibere,
1931 913 2210 980 aquatum
2242 902 2443 960 durit.

485 1033 545 1090 3.
608 1032 813 1121 :2:7'2‘72
857 1028 1009 1113 ”452³
1033 1031 1304 1089 Animam
1333 1049 1518 1088 meam
1548 1028 1805 1103 reducit,
1851 1032 1894 1086 i.
1923 1049 1974 1086 e.
2006 1041 2228 1087 recreat
2258 1039 2316 1087 et
2346 1029 2535 1087 reficit

318 1136 409 1180 me
435 1095 827 1197 languentem‘,
872 1117 949 1174 cf.
966 1100 1050 1175 εἶά
1085 1118 1179 1190 19,
1210 1117 1266 1175 8.
1354 1111 1798 1208 ἴθ’-ης··3’333;ιζ73;3ι
1842 1124 2015 1195 73Π3ζ
2056 1114 2293 1172 deducit
2334 1133 2421 1170 me
2468 1116 2533 1171 in

321 1200 540 1259 orbitis
582 1202 997 1273 rectitudinis,
1062 1204 1098 1257 i.
1134 1222 1181 1259 e.
1226 1220 1328 1277 per
1369 1203 1587 1257 orbitas
1631 1218 1750 1262 non
1781 1177 2128 1275 ‘ambagibus
2166 1199 2425 1256 sinuatas
2469 1209 2530 1256 et

319 1291 605 1359 intortas,
669 1287 731 1342 in
776 1291 874 1343 via
918 1288 1317 1361 complanata,
1376 1303 1520 1360 quae
1562 1303 1668 1340 nec
1721 1290 1904 1339 terret
1945 1301 2051 1341 nec
2096 1283 2382 1363 defatigat
2422 1302 2532 1339 an-

316 1369 604 1429 fractibus
640 1368 970 1427 hiatibusve
1011 1373 1263 1445 asperis,
1309 1388 1422 1428 nec
1459 1367 1636 1425 laedit
1678 1369 1994 1425 senticetis.
2072 1365 2162 1425 De
2210 1364 2374 1460 533ζ73
2412 1369 2529 1425 vid.
2613 1425 2628 1438 ,

323 1457 426 1527 17,
449 1452 506 1512 5.
592 1452 718 1532 Ἷ73ῑῷ
762 1450 918 1547 ψ73ξ
951 1452 1212 1532 Propter
1251 1473 1456 1511 nomen
1499 1470 1687 1525 suum,
1727 1461 1967 1527 propter
1992 1454 2244 1508 nominis
2253 1435 2369 1508 sui
2399 1453 2530 1530 glo-

317 1541 468 1595 riam
499 1548 556 1598 et
584 1535 829 1612 faniam,
876 1549 941 1596 ut
972 1539 1207 1595 bonitas
1253 1557 1359 1595 sua
1396 1537 1734 1595 celebretur.
1820 1535 1909 1617 na?
1956 1555 2121 1612 saepe
2154 1539 2392 1612 ponitur
2422 1555 2526 1612 pro

301 1621 489 1695 fama
530 1634 588 1681 ct
630 1623 979 1682 celebritate
1024 1624 1300 1696 aliquus,
1355 1625 1508 1680 sicut
1550 1624 1651 1678 lat.
1696 1621 1795 1678 vir
1841 1622 2045 1697 magni
2088 1622 2372 1692 nominis,
2434 1631 2528 1678 et:

317 1726 589 1785 magnum
631 1718 691 1765 et
733 1705 1100 1786 memorabile
1138 1726 1356 1766 nomen.
1445 1705 1531 1769 Cf.
1570 1705 1764 1783 lReg.
1800 1707 1859 1779 8,
1890 1709 1994 1782 41,
2030 1705 2125 1762 Ps.
2159 1707 2260 1779 79,
2293 1706 2357 1763 9.

489 1838 550 1892 4.
632 1834 767 1896 Νοιι
808 1831 979 1891 modo
1020 1852 1149 1891 cum
1191 1852 1294 1909 per
1338 1851 1570 1909 campos
1612 1844 1871 1910 patentes
1913 1842 1974 1890 et
2018 1835 2164 1889 latas
2216 1835 2531 1910 planasque

318 1913 448 1996 vias
479 1921 673 1993 ducit,
722 1936 957 1975 securus
1001 1917 1241 1992 incedo,
1284 1922 1389 1978 sed
1415 1922 1589 1977 etiam
1627 1937 1756 1975 cum
1786 1937 1888 1993 per
1918 1920 2066 1974 imas
2100 1920 2282 1974 valles
2315 1928 2373 1974 et
2404 1920 2530 1975 luce

321 2013 584 2063 carentes
624 2014 684 2061 et
709 2005 1091 2079 periculosae,
1135 2003 1285 2061 nihil
1314 2006 1455 2062 mali
1489 2006 1697 2075 timeo,
1738 2021 1914 2078 quum
1948 2012 2044 2073 tu,
2088 2001 2268 2074 Jova,
2304 2020 2530 2060 mecum

319 2092 436 2163 sis,
501 2107 676 2165 quum
714 2097 782 2144 tu
816 2098 1077 2163 praestes
1099 2088 1242 2148 mihi
1276 2090 1546 2162 ductum,
1603 2105 1803 2145 curum
1846 2096 1905 2144 et
1941 2077 2260 2145 custodiam
2304 2087 2529 2144 fidelem

319 2183 496 2232 tuam.
582 2186 666 2234 »Ἴ
702 2202 791 2216 --
823 2178 892 2231 m
942 2171 1143 2228 Etiam
1180 2174 1412 2249 quando
1452 2191 1567 2251 pet·
1594 2171 1813 2229 vallem
1855 2171 2094 2230 umbrae
2133 2173 2342 2228 mortis
2382 2170 2531 2227 milei

315 2260 564 2315 eundum
607 2262 714 2331 sit,
752 2240 910 2314 nihi'l
939 2256 1080 2313 mali
1119 2258 1318 2317 timec.
1406 2270 1477 2317 ³2
1510 2256 1563 2313 h.
1593 2260 1634 2315 1.
1673 2258 1902 2314 adverb.
1932 2258 2240 2330 temporis,
2274 2256 2528 2335 quande,

318 2355 386 2400 ut
424 2343 641 2402 ZSam.
676 2343 825 2420 7,1
872 2340 1012 2399 Hos.
1052 2346 1108 2414 7,
1148 2342 1243 2401 13.
1329 2356 1440 2422 &73
1479 2351 1650 2400 notat
1690 2342 1878 2399 locum
1924 2343 2075 2398 inter
2117 2341 2260 2399 duos
2303 2353 2529 2410 montes

317 2431 493 2486 situm
537 2425 753 2509 (qualis
800 2424 935 2485 fisso
981 2384 1170 2485 medio
1216 2411 1440 2487 Olive'ti
1478 2436 1673 2485 monte
1720 2425 1926 2497 fiebat,
1980 2425 2157 2483 Zach.
2201 2428 2306 2498 14,
2338 2430 2400 2482 4.
2444 2424 2523 2485 cf,

314 2515 352 2570 1
377 2512 531 2572 Sam.
568 2519 667 2586 17,
696 2513 752 2568 3.
755 2507 820 2591 ),
859 2510 995 2568 hinc
1023 2521 1330 2591 angustum
1361 2532 1465 2589 per
1492 2522 1715 2569 montes
1749 2513 2083 2585 transitum,
2125 2513 2225 2589 qui
2254 2531 2323 2569 eo
2355 2513 2525 2567 nobis

314 2599 549 2655 videtur
576 2596 977 2672 periculosior,
1025 2597 1179 2672 quod
1213 2614 1397 2672 neque
1438 2590 1581 2653 satis
1614 2614 1884 2671 queamus
1916 2598 2370 2671 circumspicere,
2417 2614 2526 2652 nec

230 2700 235 2705 ·
315 2679 491 2740 etiam
529 2682 854 2738 latronibus
892 2681 1211 2756 inopinato
1232 2681 1766 2757 supervenientibus
1805 2684 1897 2738 vel
1939 2680 2215 2760 aufugere
2254 2683 2344 2737 vel
2385 2681 2526 2736 lati-

317 2776 479 2840 tare,
538 2768 656 2823 imo
691 2764 1081 2839 prominentia
1112 2784 1185 2822 ex
1219 2767 1337 2822 alto
1368 2784 1512 2822 saxa
1553 2764 1914 2822 vehementer
1956 2774 2212 2836 terrent,
2268 2766 2524 2841 solisque

311 2852 509 2908 lumen
552 2867 671 2907 una
712 2867 841 2905 cum
883 2850 1171 2906 umbrosis
1215 2840 1519 2907 arboribus
1565 2848 1915 2933 impediunt,
1972 2867 2151 2924 quare
2194 2850 2338 2906 dicit
2374 2861 2446 2910 Ν
2451 2862 2523 2937 a:
2608 2912 2616 2919 ,

314 2930 530 2996 umba
563 2952 682 3013 per
720 2932 927 2990 vallem
972 2932 1210 2992 umbrae
1250 2936 1485 3006 mortis,
1530 2953 1633 3010 per
1662 2935 1867 2992 vallem
1898 2951 2117 2990 summe
2141 2913 2523 3012 caliginosam

316 2998 489 3094 atque
527 3019 860 3076 terribilem.
944 3013 1165 3078 umbaz
1198 3014 1478 3099 (compos.
1506 3038 1581 3076 ex
1611 3015 1697 3096 bag
1728 3027 1788 3073 et
1819 3014 1980 3104 Πζι73)
2017 3016 2292 3075 tenebras
2330 3019 2526 3095 signi·

315 3102 452 3159 ficat
478 3092 787 3174 letiferas,
828 3105 922 3161 vel
948 3080 1221 3161 &hebr-as
1253 3105 1406 3176 orci,
1451 3082 1947 3179 quemadmodum
1957 3101 2217 3174 Job.:38,
2251 3105 2346 3162 17.
2387 3121 2524 3160 num

312 3187 615 3245 revelatae
660 3186 776 3243 tibi
810 3198 1035 3265 portae
1076 3186 1334 3246 mortis?
1410 3198 1472 3244 et
1515 3195 1738 3267 portas
1782 3187 2016 3244 umbrae
2057 3189 2290 3245 mortis
2308 3187 2524 3247 vides?

313 3268 407 3328 De
447 3273 690 3350 regione
730 3279 787 3328 et
829 3271 1050 3330 ditione
1095 3277 1323 3330 mortis
1346 3269 1651 3331 adhibetur
1691 3269 1817 3327 Job.
1858 3275 1953 3344 10,
1988 3273 2125 3345 21„
2186 3271 2256 3328 de
2299 3291 2523 3329 summu

317 3354 600 3433 caligine,
641 3356 829 3430 qualis
855 3356 918 3411 in
947 3358 1315 3414 metallorum
1345 3355 1594 3429 fodinis,
1640 3354 1767 3412 Job.
1798 3356 1900 3428 28,
1930 3357 2022 3429 3.,
2058 3358 2127 3414 de
2163 3362 2384 3413 summo
2420 3375 2520 3432 pe·
2585 3374 2594 3380 “

314 3438 539 3512 riculo,
596 3442 770 3513 pleno
806 3443 1021 3497 mortis
1067 3452 1125 3498 et
1171 3442 1413 3498 terroris
1461 3439 1555 3496 Ps.
1597 3443 1715 3513 44,
1743 3440 1847 3499 20.
1906 3441 2110 3499 Jerem.
2155 3444 2261 3510 13,
2300 3444 2388 3496 16.
2441 3472 2516 3483 -

315 3532 532 3614 '’³⁷:2¹33',
560 3554 645 3566 --
660 3527 867 3619 ῆῦἓψ
915 3523 1178 3582 Baculus
1227 3534 1365 3583 tuus
1407 3532 1470 3582 et
1511 3524 1703 3602 scipio
1752 3532 1912 3598 tuus,
1956 3526 2046 3583 illi
2085 3546 2172 3583 me
2213 3526 2523 3583 consolan-

319 3612 440 3663 lut·
517 3585 672 3686 0:135
711 3589 771 3666 h.⁸
796 3603 836 3667 l
869 3611 1153 3685 accipitur
1186 3629 1293 3711 pro
1328 3609 1539 3666 baculo
1575 3610 1911 3684 pastoritio,
1952 3613 2074 3668 sive·
2105 3612 2264 3689 pedo
2309 3604 2525 3691 (quod,

315 3700 551 3750 auctore
570 3671 761 3764 Festo,
785 3705 873 3752 est
902 3696 1166 3752 baculum
1197 3698 1522 3763 incurvum,
1550 3710 1664 3768 quo
1698 3702 1958 3767 pastores
1988 3704 2227 3752 utuntur
2259 3697 2330 3751 ad
2361 3715 2518 3751 com-

314 3773 743 3847 prehendendas
775 3797 909 3836 oves
940 3788 1042 3834 aut
1069 3796 1268 3853 capras
1295 3779 1604 3855 pedibus),
1649 3788 1727 3848 et,
1749 3795 1871 3850 „per
1898 3781 2308 3856 metonymiam
2342 3781 2525 3856 signi,

315 3876 424 3934 pro
467 3879 605 3919 cura
645 3871 703 3918 et
742 3864 937 3921 studio
979 3864 1321 3937 pastoritio,
1379 3861 1434 3919 h.
1467 3880 1515 3918 e.
1551 3878 1658 3936 pro
1695 3859 1805 3918 Dei
1847 3862 2179 3920 defensione
2216 3873 2275 3920 et
2306 3864 2522 3940 guber-

312 3945 577 4016 natione,
615 3955 684 4003 ut
711 3944 978 4016 Micb.7,
1011 3947 1106 4001 14.
1143 3964 1334 4023 pasce
1367 3947 1653 4043 populum
1696 3955 1858 4002 tuum
1887 3949 2046 4026 ‘pedo
2091 3955 2213 4003 tuo.
2299 3957 2525 4031 17:va

311 4030 523 4105 scipio,
554 4029 609 4086 h.
640 4031 677 4086 1.
715 4049 832 4087 non
862 4028 1054 4087 differt
1081 4047 1117 4085 a
1147 4043 1310 4103 nam,
1343 4031 1442 4088 sed
1470 4025 1821 4112 ἑπεξήγηηις
1852 4041 1942 4088 est
1972 4031 2252 4089 Hebraeis
2286 4011 2526 4103 usitata,

298 4118 385 4211 ,ut
424 4113 759 4191 designetur
791 4112 1131 4191 pastoralis
1165 4112 1438 4188 baculus,
1480 4137 1592 4193 quo
1631 4126 1830 4192 pastor
1865 4134 2001 4174 oves
2035 4118 2192 4195 regit
2223 4126 2281 4172 et
2320 4114 2524 4171 defen-

315 4195 403 4253 dit
453 4209 657 4255 contra
700 4199 867 4273 lupos
908 4196 1176 4273 ferasque
1224 4200 1400 4270 aliaS,
1471 4213 1529 4259 et
1576 4203 1661 4257 sic
1713 4201 1887 4259 etiam
1928 4201 2293 4280 significetur
2343 4196 2524 4256 Jovae

316 4292 521 4357 potens
564 4280 820 4340 defensio
868 4289 1040 4357 atque
1080 4281 1448 4356 praesidium.
1527 4296 1734 4347 *mm*
1779 4286 2164 4343 consolantur
2206 4300 2326 4357 me,
2366 4285 2524 4341 bono

318 4385 410 4424 me
441 4367 649 4443 jubent
688 4383 812 4424 esse
848 4369 1064 4425 animo.

1759 4464 1768 4491 ι
