2807 4913
338 269 532 376 2340
787 319 810 330 -κ
1162 273 1297 344 Pe.
1342 272 1470 360 51,
1520 290 1646 340 ao.
1700 274 1818 339 ιιι.

552 460 659 517 20.
722 453 995 534 Benigne
1015 453 1144 530 fac
1179 473 1262 516 ex
1298 456 1703 515 &molentis
1731 466 1843 516 m
1866 452 2065 529 sione,
2100 451 2369 530 aedifica
2395 474 2606 516 stur-os

383 543 950 620 Hierosolymorum.
1008 541 1127 617 Sed
1157 544 1394 600 stabant
1415 542 1606 599 adbuc
1635 544 1797 599 mari
1824 541 2389 619 Hierosolymitanse
2413 544 2606 615 urbis,

384 630 630 688 necdum
666 645 776 686 arx
804 625 954 684 Sion
989 626 1191 684 diruta
1220 637 1378 700 ιιι-ιτς
1436 628 1577 703 quid
1603 639 1694 684 est
1722 629 1946 706 igitur,
1995 627 2156 703 quod
2186 637 2385 702 optat,
2439 628 2605 684 muri

383 716 550 773 urbis
581 704 995 775 aedificentur?
1077 710 1253 784 Sunt,
1298 713 1403 788 qui
1432 710 1651 784 dicant,
1690 711 1997 782 Davidem,
2023 711 2227 788 templi
2252 711 2605 769 aedificandi

385 798 676 857 desiderio
711 799 1010 855 incensum
1040 805 1269 872 petere,
1318 806 1388 852 ut
1416 795 1723 855 Salomoni
1748 797 1812 853 id
1840 807 2142 853 exstruere
2177 796 2372 852 liceat.
2453 795 2602 867 Sed,

385 901 518 941 mea
545 881 871 952 sententis,
908 878 1119 937 durum
1143 880 1408 953 videtur,
1450 883 1724 957 templum
1747 879 2074 961 significari
2101 882 2285 952 muris
2309 878 2604 937 Hieroso-

382 969 704 1045 lymitanae
743 964 926 1022 urbis.
1005 964 1132 1023 Alii
1159 976 1433 1038 monent,
1489 964 1670 1023 fuisse
1701 963 1932 1041 quidem
1959 947 2205 1021 Davidis
2238 965 2604 1040 temporibus

382 1054 505 1127 jam
544 1058 899 1107 exstructam
936 1049 1168 1121 urbem,
1219 1050 1320 1106 sed
1357 1050 1616 1108 noudum
1644 1050 1721 1108 ad
1745 1068 1913 1107 susm
1946 1048 2359 1121 perfectionem
2390 1064 2604 1120 perve-

385 1139 571 1209 nisse,
610 1152 720 1193 nec
741 1133 926 1191 muris
950 1132 1194 1208 lapideis
1221 1137 1505 1208 cinctam,
1546 1135 1703 1212 quod
1735 1154 1773 1192 a
1806 1134 2118 1193 Salomone
2146 1134 2374 1191 demum
2399 1132 2603 1205 fiebat,

383 1221 504 1280 vid.
543 1222 584 1278 1
583 1219 734 1298 QReg
760 1217 900 1289 3,1.
970 1215 1131 1276 Binc
1170 1216 1228 1277 b.
1256 1222 1296 1277 1.
1333 1222 1421 1277 sic
1456 1221 1945 1296 interpretantur.
1992 1235 2067 1275 ne
2095 1230 2333 1294 propter
2361 1230 2603 1293 peccata
2668 1201 2673 1224 ¹

385 1323 517 1365 mea
555 1303 753 1362 desine
788 1301 963 1359 Sioni
996 1300 1228 1376 favere,
1278 1315 1339 1361 et
1368 1304 1913 1382 Hierosolymorum
1942 1320 2176 1375 muros,
2233 1311 2300 1361 ut
2331 1303 2599 1380 coepisti,

385 1400 691 1448 exstruere
727 1397 908 1466 atque
939 1387 1326 1463 amplificare,
1377 1400 1448 1446 ut
1473 1389 1636 1447 urbis
1667 1389 1919 1447 ambitus
1953 1391 2141 1464 ipsum
2171 1405 2399 1465 quoque
2424 1404 2600 1444 mon-
2662 1382 2668 1388 ’

385 1486 504 1534 tem
534 1473 805 1533 Sionium
832 1472 1047 1547 capiat,
1089 1480 1157 1529 ut
1185 1475 1249 1531 in
1279 1474 1471 1532 medio
1500 1473 1663 1532 urbis
1688 1476 1864 1531 liceat
1894 1474 2091 1531 videre
2117 1483 2395 1544 montem,
2422 1489 2600 1547 super

384 1577 504 1636 quo
546 1569 825 1633 tanquam
862 1555 929 1613 in
972 1573 1107 1614 arce
1144 1555 1326 1616 Jovae
1351 1560 1642 1635 ,templum
1688 1569 2048 1616 exstruatur.
2136 1556 2398 1616 Vei-itum
2439 1558 2601 1614 enim

383 1663 510 1702 esse
547 1640 867 1713 Davidem,
921 1657 997 1697 ne
1035 1643 1250 1715 templi,
1276 1643 1619 1701 exstruendi
1656 1654 1717 1700 et
1753 1643 1988 1702 divinae
2027 1640 2408 1700 habitationis
2445 1639 2600 1697 felix

383 1726 535 1786 illud
570 1726 953 1804 promissum,
994 1742 1110 1801 quo
1142 1730 1430 1803 promisso
1460 1745 1588 1804 spes
1618 1728 2013 1805 posteritatis,
2052 1738 2112 1784 et
2140 1729 2312 1807 regni
2339 1728 2431 1783 sui
2457 1743 2596 1781 suc-

385 1813 573 1870 cessio
617 1810 948 1882 nitebatur,
1020 1829 1128 1868 suo
1181 1811 1435 1870 admisso
1491 1814 1707 1871 scelere
1758 1814 1824 1870 iu
1866 1811 2072 1871 Uriam
2121 1815 2356 1870 irritum
2399 1810 2589 1868 fieret.

387 1897 740 1955 Observavit
763 1904 956 1954 autem
971 1895 1092 1968 jam
1109 1897 1499 1970 Aben-Esra,
1523 1915 1646 1955 esse
1674 1899 1908 1957 doctum
1936 1900 2222 1976 quendam
2243 1895 2595 1969 Hispanum,

385 1983 494 2059 qui
527 1981 923 2056 suspicaretur
956 1980 1102 2039 duos
1136 1979 1311 2040 hosce
1338 1982 1559 2042 Versus
1592 1982 1722 2062 (20.
1749 1979 1883 2058 21.)
1928 1983 2157 2040 additos
2196 1980 2376 2039 fuisse
2396 2000 2453 2039 aa
2492 1981 2593 2055 pio

386 2068 586 2142 aliquo
617 2066 746 2122 viro
776 2065 841 2122 in
864 2066 1044 2122 exilio
1072 2064 1466 2143 Babylonico,
1504 2070 1626 2145 qui,
1663 2070 1785 2143 jam
1813 2068 2110 2126 destructa
2139 2067 2397 2142 civitate,
2435 2065 2598 2122 desi-

386 2151 550 2208 derio
579 2151 700 2224 ejus
725 2150 1136 2209 instaurandae
1166 2160 1491 2227 teneretur,
1548 2152 1721 2231 idque
1750 2172 1787 2211 a
1812 2150 1940 2211 Deo
1968 2150 2063 2209 his
2092 2153 2369 2209 extremis
2397 2150 2596 2209 verbis

383 2234 558 2308 hujus
599 2231 818 2292 Psalmi
855 2236 1165 2310 petendum
1207 2247 1459 2314 putaret.
1541 2239 1730 2317 Atque
1772 2249 1975 2295 nostra
2014 2247 2204 2294 aetate
2247 2237 2311 2293 in
2353 2235 2597 2293 eandem

323 2325 331 2332 ‘
384 2321 768 2395 suspicionem
797 2317 1008 2376 incidit
1036 2319 1324 2394 Ventus,
1354 2320 1448 2379 his
1473 2323 1649 2381 nixus
1675 2323 2025 2381 rationibus.
2108 2320 2303 2378 Primo
2339 2320 2595 2396 quidem,

384 2406 524 2483 quja
551 2402 748 2463 David
773 2404 835 2462 in
867 2401 981 2461 hoc
1018 2402 1247 2465 Psalmo
1286 2424 1394 2481 pro
1428 2426 1491 2466 se
1522 2417 1581 2465 et
1619 2409 1790 2468 domo
1822 2424 1929 2465 sua
1964 2416 2189 2464 tantum
2220 2423 2430 2479 orans,-
2484 2406 2603 2463 vis:¹

384 2488 681 2548 commode
723 2508 831 2565 pro
866 2487 1047 2548 Sione
1081 2492 1513 2566 intercesserit,
1566 2497 1732 2569 cujus
1770 2503 1960 2550 status
1997 2494 2142 2549 satis
2183 2490 2327 2548 felix
2365 2499 2494 2547 erat
2534 2498 2597 2546 et

381 2574 607 2634 firmus.
694 2571 958 2647 Deinde,
1018 2577 1158 2651 quia
1199 2577 1376 2634 verba
1421 2580 1548 2654 ipsa
1592 2579 1752 2636 clare
1795 2579 2119 2653 loquuntur
2168 2575 2239 2633 de
2283 2573 2485 2632 Sionis
2532 2582 2596 2632 et

381 2657 954 2754 Hierosolymitanae
1008 2660 1170 2716 urbis
1221 2660 1622 2720 destructione
1641 2703 1661 2735 ,
1728 2681 1846 2741 qua·
1886 2660 2184 2719 Davidicis
2234 2660 2597 2734 temporibus

382 2739 623 2802 minime
651 2744 944 2801 convenit.
1014 2741 1191 2816 Tum,
1228 2746 1368 2823 quia
1394 2748 1571 2806 verba
1600 2745 1754 2803 haud
1776 2746 2026 2804 obscure
2052 2747 2328 2817 innuunt,
2368 2762 2597 2802 cessare

371 2845 623 2904 ‘prorsus
661 2828 910 2885 cultum
918 2826 1368 2898 sacrificiorum;
1424 2843 1671 2890 vovetur
1705 2834 1858 2889 enim
1889 2831 2069 2888 Versu
2096 2831 2389 2886 21.i111us
2421 2849 2599 2888 exer-

385 2913 588 2969 citium
631 2912 696 2967 in
737 2909 1040 2983 futurum,
1096 2915 1326 2991 quando
1367 2913 1529 2974 Deus
1571 2920 2001 2977 instauraturus
2046 2932 2170 2971 esse
2208 2915 2483 2985 Sionem,
2533 2922 2596 2970 et

385 3015 514 3052 cum
548 3014 616 3051 ea
644 2993 1078 3054 instauratione
1104 3002 1488 3059 connectitur.
1571 3002 1869 3079 Denique,
1917 2998 2111 3058 David
2140 2999 2313 3057 modo
2342 3000 2599 3069 dixerat,

381 3077 573 3138 Deum
608 3081 764 3138 nolle
790 3081 1128 3140 sacrificia
1108 3102 1171 3141 ιιι
1202 3083 1316 3142 boc
1345 3097 1506 3146 statu
1538 3107 1646 3145 suo
1686 3085 1761 3145 ad
1792 3082 2323 3144 reconciliationem
2358 3104 2486 3142 cum
2524 3102 2597 3142 eo

384 3162 756 3222 efficiendam.
821 3166 1125 3233 Quomodo
1156 3169 1342 3247 igitur
1373 3191 1531 3230 nunc
1562 3174 1710 3230 idem
1740 3172 1840 3228 ille
1871 3180 2033 3228 vates
2066 3169 2255 3226 dicere
2283 3171 2598 3242 potuisset,

381 3245 512 3306 Deo
558 3260 731 3329 grata
772 3249 899 3307 fore
938 3252 1222 3310 sacrificia
1265 3267 1396 3332 post
1435 3257 1672 3316 Sionem
1713 3250 2086 3314 restitutum?
2160 3272 2354 3312 nonne
2395 3256 2598 3332 potius

385 3334 664 3390 dixisset.
721 3332 959 3393 benefac
999 3335 1174 3410 mihi,
1233 3349 1374 3398 tunc
1417 3355 1587 3419 grata
1633 3349 1806 3400 erunt
1844 3339 2132 3398 sacrificia
2176 3337 2345 3396 nica?
2429 3340 2598 3407 Quae

384 3436 563 3494 quum
603 3419 689 3475 ita
724 3421 878 3493 sint,
931 3417 1085 3478 baud
1117 3422 1484 3500 dubitamus,
1540 3427 1822 3485 Venemae
1844 3421 2099 3501 aliisque
2128 3423 2432 3497 accedere,
2488 3427 2598 3502 qui

384 3501 531 3559 duos
578 3502 748 3561 hosce
784 3502 1001 3563 Versus
1041 3504 1268 3565 additos
1306 3520 1577 3570 statuunt
1620 3513 1692 3570 ab
1734 3528 1837 3583 eo,
1896 3510 1998 3587 qui
2041 3519 2203 3567 vetus
2243 3505 2603 3572 Davidicum

384 3603 616 3645 carmen
657 3589 873 3667 populo
914 3594 981 3647 in
1018 3592 1199 3650 exilio
1236 3598 1497 3654 versanti
1537 3593 2010 3695 accommodavit.

642 3750 904 3851 οξἿξξἿ
932 3786 1021 3804 ·-
1051 3770 1126 3823 v&
1172 3759 1341 3822 Tunc
1372 3763 1765 3825 delectaberis
1801 3762 2137 3838 sacrificiis
2165 3759 2391 3836 justis,
2433 3761 2604 3822 holo-

384 3847 597 3897 cauato
606 3756 691 3898 ¹ei*
723 3823 983 3919 integro.
1055 3830 1169 3913 Qui
1199 3846 1445 3907 Davidis
1476 3870 1600 3908 esse
1624 3862 1859 3908 censent
1892 3849 2044 3907 hunc
2069 3848 2166 3909 Vs.
2199 3867 2329 3905 cum
2357 3848 2454 3906 Vs.
2471 3851 2605 3924 20,

386 3941 516 3981 eum
558 3942 690 3986 cum
727 3930 1123 4000 superioribus
1153 3935 1519 4014 conjungunt
1550 3934 1660 3992 hoc
1686 3951 1893 3992 sensu·
1949 3933 2043 3992 Tu
2073 3953 2231 3993 nunc
2255 3933 2601 4009 repudiares

384 4008 672 4068 sacrificia
696 4011 769 4069 sb
799 4010 1031 4072 homine
1062 4016 1336 4075 adulterii
1366 4027 1429 4075 et
1459 4018 1760 4077 homicidii
1786 4033 1920 4092 reo;
1958 4019 2061 4076 ubi
2088 4030 2279 4079 autem
2308 4037 2385 4075 cx
2413 4021 2605 4078 solito

385 4109 526 4169 erga
550 4095 723 4154 istam
754 4096 954 4154 urbem
987 4098 1186 4157 favore
1219 4113 1276 4159 te
1303 4099 1451 4160 mihi
1478 4122 1718 4178 prorsus
1753 4105 2047 4178 placatum
2073 4122 2198 4162 esse
2224 4104 2604 4179 intellexero,

386 4176 679 4237 enimvero
710 4190 853 4239 tunc
880 4183 1167 4241 sacrificia
1197 4186 1307 4243 tibi
1336 4183 1607 4259 offeram,
1665 4205 1767 4257 ac,
1810 4204 2014 4262 spero,
2054 4206 2123 4245 es
2152 4186 2391 4246 babebis
2421 4200 2606 4268 grata

388 4268 448 4315 et
476 4272 722 4338 accepta.
780 4276 1007 4368 βυτ-’0
1011 4276 1130 4360 Πῧζ
1162 4264 1490 4342 Sam-afim
1517 4270 1820 4343 justitiae
1853 4279 1992 4328 sunt
2020 4271 2303 4329 sacrificia
2328 4273 2604 4351 legitima

386 4360 518 4403 cum
536 4363 685 4407 vera
715 4352 897 4411 animi
929 4333 1144 4430 pietate
1184 4353 1377 4414 oblata
1392 4393 1416 4431 ,
1474 4358 1743 4436 opposita
1770 4356 2073 4418 sacrificiis
2103 4357 2232 4417 sine
2264 4357 2367 4435 pia
2401 4369 2605 4419 mente
