2807 4913
1130 298 1256 366 Ps.
1312 295 1377 381 4,
1439 302 1502 365 2.
2323 291 2420 368 41

229 501 345 561 quos
395 482 750 562 gravissima
800 481 1276 566 compellatione,
1347 493 1408 541 et
1464 493 1657 543 tamen
1710 492 2027 561 temperata
2069 482 2439 543 mirabiliter.

226 570 423 645 pietatis
456 567 844 639 humanitate,
873 576 908 624 a
938 567 1215 624 facinoris
1247 570 1521 626 societate
1551 569 1828 626 abducere
1861 580 2124 627 conatur.
2154 601 2236 612 —
2217 558 2427 626 Aliis

231 654 454 724 omissis,
501 652 551 709 Υ
557 669 820 709 emman
854 654 1141 708 sententia
1175 653 1354 731 digna
1386 664 1508 724 est,
1553 673 1698 728 quae
1730 665 2098 711 memoretur.
2184 654 2428 712 Nullum

232 738 483 813 planefilli
523 738 588 791 in
626 736 737 792 hoc
775 738 1031 792 carmine
1073 740 1331 795 occurrit
1373 736 1690 811 indicium,
1750 758 1824 795 ex
1867 757 1981 814 quo
2023 748 2248 812 pateat,
2302 756 2425 812 eos,

240 823 535 897 quibuscum
578 832 749 896 poeta
778 820 874 876 hic
907 823 1052 897 agit,
1089 820 1282 877 hostes
1315 824 1497 897 ipsius
1527 822 1725 895 fuisse,
1755 842 1930 897 quum
1963 841 2067 879 nec
2092 842 2162 880 eo
2191 825 2425 880 nomine

240 907 623 985 insigniantur,
661 925 765 963 nec
796 904 1027 961 hostilis
1067 908 1127 964 in
1163 908 1347 981 ipsum
1384 908 1631 981 impetus
1666 910 1740 965 iis
1775 907 2172 980 adscribatur3
2227 927 2426 984 repre-

234 989 365 1047 hendi
403 999 642 1046 tantum
672 992 736 1045 in
772 992 846 1045 iis
878 991 1125 1047 nimium
1153 993 1433 1048 vanitatis
1467 1002 1526 1048 et
1553 993 1914 1048 mendacium
1940 1010 2133 1049 rerum
2164 992 2426 1068 studium

233 1085 273 1131 et
307 1076 758 1131 contumeliosas
815 1074 969 1131 forte
1023 1078 1413 1154 cogitationes
1474 1086 1533 1132 et
1579 1074 1735 1133 facta
1782 1095 1977 1132 eorum
2021 1078 2085 1132 in
2138 1074 2425 1136 Davidem

227 1155 323 1235 (Vs.
349 1158 464 1237 3.),
498 1159 663 1234 quod
691 1161 865 1215 sociis
895 1156 1173 1231 Davidis,
1200 1171 1406 1218 contra
1437 1178 1569 1217 eum
1603 1137 1854 1237 profiter.
1872 1160 2219 1239 gravissima
2251 1163 2426 1235 mala,

222 1245 404 1320 quibus
440 1250 884 1319 premerentur,
926 1245 1456 1316 murmurantibus,
1498 1248 1828 1318 conveniat,
1870 1245 1970 1302 sed
2001 1247 2223 1303 nullum
2257 1263 2428 1321 prae·-

219 1329 327 1384 beat
369 1327 639 1384 hostium
687 1327 1095 1386 characterem.
1181 1328 1304 1386 Nec
1346 1332 1529 1386 ullum
1582 1348 1643 1386 se
1691 1327 1891 1386 offerre
1938 1331 2170 1407 signum
2216 1331 2425 1405 regiae

217 1412 532 1488 dignitatis
581 1413 652 1468 ab
697 1414 773 1469 iis
818 1415 1224 1492 impugnatae,
1262 1413 1360 1470 Vs.
1386 1417 1447 1471 4.
1487 1413 1770 1472 Davidem
1801 1416 1988 1492 magis
2022 1424 2297 1491 tanquam
2330 1417 2425 1470 in-

216 1499 432 1555 terioris
488 1498 869 1554 admissionis
922 1498 1071 1573 apud
1119 1496 1308 1555 Deum
1359 1500 1695 1556 ministrum
1734 1501 2191 1573 repraesentari,
2253 1517 2425 1574 quam

214 1600 412 1657 regem.
501 1581 816 1657 Respicere
846 1601 1075 1639 carmen
1108 1584 1180 1640 ad
1210 1593 1461 1655 statum,
1507 1585 1569 1639 in
1602 1604 1766 1659 quem
1799 1579 2054 1640 Davides
2085 1602 2213 1639 cum
2249 1574 2425 1639 sociis

216 1667 463 1742 delapsus
519 1678 709 1741 esset,
773 1667 1082 1725 admodum
1126 1672 1485 1742 luctuosum,
1551 1671 1651 1744 qui
1698 1677 1864 1744 aptus
1918 1667 2127 1740 fuerit,
2185 1666 2426 1723 affectus

214 1754 529 1826 concitare,
596 1761 654 1808 et
689 1754 879 1809 socios
921 1763 1127 1810 contra
1166 1752 1450 1810 Davidem
1493 1754 1767 1826 incitare,
1826 1754 2012 1828 iisqne
2049 1754 2319 1809 sinistras
2358 1750 2428 1807 de

215 1833 317 1892 Dei
353 1835 561 1894 favore
613 1856 754 1916 erga
806 1840 989 1913 ipsum
1038 1838 1329 1913 inspirare
1384 1840 1760 1914 suspiciones.
1846 1835 2182 1915 Congruere
2228 1838 2426 1912 itaque

220 1923 417 1994 optime
450 1923 546 1977 illi
579 1924 862 1998 tempori,
910 1941 1024 1997 quo
1065 1922 1320 1980 Davides
1359 1942 1487 1979 cum
1539 1925 1695 1995 suis,
1759 1939 1794 1977 a
1836 1920 2242 1994 Philistha'eis,
2295 1939 2428 1977 cum.

219 2003 383 2062 Saulo
436 2005 769 2063 decretoria
811 2026 1007 2087 pugna
1058 2009 1363 2064 certaturis
1413 2009 1723 2079 dimissus,
1781 2003 2093 2082 Zielagum
2137 2006 2429 2063 invenerit

218 2088 447 2146 flammis
470 2091 837 2163 'absumtum,
880 2104 937 2149 et
967 2095 1226 2150 omnium
1254 2091 1506 2149 familias
1536 2111 1604 2148 ac
1636 2092 1789 2148 bona
1818 2090 1888 2146 ab
1916 2088 2258 2147 Amalekitis
2288 2105 2428 2163 spo-

216 2173 344 2229 liata
387 2185 445 2231 et
491 2176 766 2233 abducta.
851 2179 979 2244 Quo
1023 2195 1160 2234 casu
1205 2195 1402 2234 omnes
1446 2195 1586 2234 mox
1635 2177 1699 2231 in
1749 2177 2031 2250 lacrymas
2078 2183 2426 2250 eruperunt;

218 2259 306 2314 sed
335 2262 535 2331 socii,'
581 2260 780 2318 dolore
824 2262 883 2317 in
927 2265 1073 2318 iram
1114 2273 1173 2319 et
1214 2261 1685 2338 indignationem
1720 2276 1929 2331 verso,
1984 2257 2267 2314 Davidem
2298 2276 2429 2315 cum

218 2341 412 2416 dictis,
470 2354 604 2400 tum
647 2344 817 2402 factis
859 2358 1049 2421 petere
1082 2356 1428 2423 coeperunt,
1468 2356 1528 2403 et
1566 2346 1633 2401 de
1678 2345 1805 2419 ipso
1851 2361 1881 2398 e
1924 2343 2112 2399 medio
2151 2341 2428 2413 tollendo,

218 2430 454 2486 consilia
485 2431 737 2509 agitare,
779 2430 1034 2489 Davides
1065 2443 1291 2503 contra,
1331 2431 1623 2509 singulari
1650 2424 1829 2487 Jovae
1857 2425 2072 2488 fiducia
2098 2425 2430 2498 roboratus,

219 2521 271 2567 et
302 2516 546 2571 oraculo
590 2514 875 2572 divinitus
906 2517 1041 2573 dato
1077 2517 1145 2574 de
1183 2518 1390 2574 damno
1420 2515 1807 2586 resarciendo,
1851 2514 2141 2570 sociorum
2172 2510 2430 2567 furorem
2482 2509 2486 2513 ’

218 2596 507 2673 depressit.
580 2597 665 2659 Cf.
703 2601 906 2660 lSam.
936 2604 1039 2673 30,
1078 2606 1127 2658 l.
1154 2621 1308 2678 sqq.,
1352 2603 1697 2677 praesertim
1725 2598 1827 2657 Vs.
1862 2599 2074 2659 6—8.
2159 2590 2253 2653 Eo
2296 2596 2426 2670 ipso

200 2683 482 2758 'temporis
529 2686 783 2741 articulo
823 2686 1072 2743 Venema
1121 2693 1289 2763 putat
1334 2685 1618 2742 Davidem
1664 2683 1815 2742 han‘c
1864 2685 2188 2740 orationem
2236 2680 2429 2736 incre·-

217 2770 498 2840 patoriam
557 2779 639 2825 et
655 2770 1111 2828 adhortatoriam
1154 2772 1231 2827 ad
1270 2789 1406 2827 suos
1453 2771 1807 2826 convertisse
1853 2770 2044 2825 socios
2089 2775 2147 2822 et
2190 2766 2430 2836 milites,

218 2863 413 2908 contra
454 2855 651 2929 ipsum
691 2866 1147 2929 murmur-antee,
1205 2875 1318 2931 qua
1349 2874 1447 2913 eos
1485 2855 1557 2911 ad
1587 2855 1880 2924 silentium
1909 2853 2194 2930 redigere,
2252 2859 2312 2905 et
2355 2848 2426 2904 de

218 2933 412 2992 favore
454 2938 576 2995 Dei
618 2958 758 3018 erga
800 2959 861 2998 se
902 2944 1181 3001 certiores
1226 2940 1450 3013 facere,
1510 2939 1763 3017 adeoque
1795 2937 1870 2996 ad
1902 2936 2173 2996 fiduciam
2206 2935 2271 2991 in
2297 2930 2427 2991 Deo

218 3020 523 3081 adhortari
564 3036 825 3083 conetur.

223 3206 262 3238 δ
386 3194 449 3257 2.
540 3194 745 3252 Annae
784 3192 959 3269 milli,
1013 3195 1386 3268 inclamanti,
1446 3204 1513 3253 tu
1559 3191 1933 3251 innocentiae
1973 3205 2133 3248 meae
2182 3183 2435 3244 vindex!

221 3273 347 3349 Tu,
410 3279 520 3355 qui
569 3298 649 3336 ea:
687 3280 991 3356 angustiis
1032 3280 1236 3337 edacis
1281 3298 1368 3335 me
1415 3280 1479 3337 in
1520 3277 1650 3336 ioca
1680 3276 2006 3358 patentia,
2075 3271 2241 3330 adsis
2285 3268 2432 3328 mihi

209 3364 550 3441 Pr⁰P⁸²2u⁸a
591 3374 649 3420 0²
686 3366 908 3422 exaudi
940 3384 1152 3442 preces
1190 3362 1394 3421 meas!
1475 3375 1685 3456 ηςῆρς
1717 3365 1780 3419 in
1806 3357 2107 3417 clamando
2140 3374 2249 3427 me,
2293 3356 2431 3412 dum

219 3448 432 3523 clamo,
495 3469 626 3505 cum
668 3450 970 3526 implorem
1014 3469 1178 3525 opem
1218 3458 1398 3510 tuam.
1482 3446 1609 3509 ’33ὺ
1622 3433 1941 3525 responde
1980 3440 2158 3514 mihi,
2218 3440 2434 3498 exaudi

220 3548 321 3586 me.
408 3532 579 3594 Alex.
614 3536 818 3609 interp·
858 3527 1163 3614 εῗςὴκουσέ
1198 3556 1318 3607 μου
1359 3512 1661 3612 (νώμα,
1697 3549 1864 3608 quem
1897 3536 2216 3604 sequuntur
2247 3524 2430 3584 Arabs

220 3623 275 3670 et
300 3617 617 3692 Aethiops,
660 3617 1023 3698 exaudivit).
1106 3620 1458 3678 Enuntiavit
1499 3632 1660 3705 ³2:33,
1705 3634 1810 3672 nec
1840 3611 2203 3669 incommodo
2238 3625 2433 3681 sensu,
2469 3663 2474 3666 Α

222 3718 273 3775 q.
306 3699 362 3758 d.
398 3701 621 3776 Deus,
655 3705 753 3778 qui
787 3724 878 3760 me
909 3707 1280 3763 invocantem
1317 3723 1539 3779 semper
1559 3685 1836 3770 audisti,
1884 3699 2156 3754 miserere
2187 3706 2245 3752 et
2279 3707 2473 3749 ιιιιιιο

222 3786 347 3842 mei
404 3786 525 3845 Sed
555 3790 838 3845 versionis
869 3790 1026 3847 Alex.
1056 3790 1352 3864 exemplar
1379 3786 1657 3845 Aldinum
1688 3775 2031 3862 εῗςῆκουσας
2059 3781 2250 3850 habet,
2287 3794 2435 3853 quo-

227 3887 349 3926 cum
390 3876 768 3930 consentiunt
809 3873 997 3949 Syrus
1025 3883 1085 3930 et
1117 3871 1397 3944 Hieron„
1441 3871 1750 3928 exaudisti
1783 3887 1904 3940 me,
1958 3867 2123 3945 quasi
2158 3865 2439 3942 legissent

228 3961 351 4035 Ἦ]
357 3971 465 4043 2:3⁸,
518 3958 673 4031 quod
712 3958 1054 4034 quibusdam
1092 3961 1449 4040 praeplacet,
1505 3956 1636 4012 ideo
1681 3956 1932 4011 maxime
1980 3950 2133 4027 quod
2177 3947 2439 4023 proxime

231 4049 501 4126 ΠΞΠἿΠ,
551 4044 610 4097 2.
655 4062 804 4118 pch.
846 4045 1127 4117 sequitur.
1208 4041 1450 4111 Verum,
1499 4051 1566 4098 ut
1610 4049 1833 4096 taceam
1873 4034 2201 4111 hujusmodi
2241 4048 2446 4107 perso-

226 4116 427 4180 narum
458 4130 840 4183 mutationem
867 4131 1010 4184 satis
1042 4126 1396 4201 frequentem
1431 4145 1555 4184 esse
1583 4126 1646 4180 in
1678 4123 1834 4181 hebr.
1872 4119 2262 4198 poematibus,
2314 4113 2442 4171 Ma-

229 4208 541 4266 sorethicae
579 4212 845 4268 lectionis
881 4216 1185 4269 veritatem
1216 4230 1337 4268 non
1363 4213 1533 4269 modo
1567 4209 1721 4284 quod
1751 4227 1889 4265 mox
1921 4207 2261 4278 subjicitur,
2304 4199 2443 4255 huic

232 4295 595 4367 respondens,
627 4307 790 4381 Ἷ33Π,
817 4299 953 4353 item
991 4298 1274 4371 imperat„
1299 4296 1399 4351 sed
1429 4298 1603 4352 etiam
1634 4294 1988 4367 reliquorum
2020 4298 2161 4348 vett.
2188 4290 2440 4358 interpp.

236 4387 539 4438 consensus
580 4386 800 4460 arguit.
883 4393 1057 4476 *3772
1095 4336 1274 4471 'relati
1308 4383 1520 4457 optime
1560 4375 1780 4454 Syrus.
1824 4374 1987 4434 Deus
2036 4375 2150 4445 mi,
2204 4379 2266 4427 et
2310 4365 2441 4425 ser-'-
