2807 4913
1004 284 1654 374 Prolegomena·
1987 258 1992 267 .
2361 284 2447 395 ἱ9

199 468 399 527 denuo
444 468 762 546 recensita,
805 477 997 546 atque,
1041 487 1218 546 quum
1251 469 1315 526 in
1348 470 1532 529 sacris
1567 469 1797 547 publice
1836 482 2032 531 essent
2064 471 2445 551 decantanda,

201 586 641 647 recentioribus
678 587 798 643 illis
836 588 1190 663 temporibus
1223 584 1479 646 subinde·
1502 588 1934 647 accommodata
1972 608 2098 648 esse
2134 591 2444 668 videntur3

214 703 363 776 euius
417 694 518 758 rei
575 703 899 780 exemplum
952 702 1389 779 deprehendisse
1444 715 1722 782 putamus·
1765 707 1831 763 in
1873 704 1970 764 Ps.
2017 709 2117 767 14.
2200 706 2332 766 Vid.
2386 719 2450 767 et

228 815 306 874 rs.
325 815 438 892 51,
477 819 587 875 20.
612 820 712 877 21.
799 821 962 889 Quae
1004 829 1210 880 nostra
1254 823 1608 896 conjectura‘
1632 824 1688 880 si
1726 840 1868 881 vera
1900 833 2011 899 est,
2050 825 2275 902 reliqua
2310 843 2446 883 ear-

235 935 434 993 ninum
473 949 615 1010 pars
657 938 847 994 multo
889 937 1077 994 serius
1121 937 1235 994 erit
1273 937 1490 997 addita.
1573 938 1732 998 Huic
1768 958 1910 998 vero
1944 942 2101 1017 parti
2131 943 2447 1017 posteriori

226 1053 478 1127 quamvis
520 1057 713 1130 prisca
756 1053 1032 1131 quaedam
1074 1055 1367 1126 carmina,
1433 1064 1568 1131 post
1607 1055 1934 1119 absolutam
1980 1058 2234 1136 priorem
2281 1054 2445 1116 illam

217 1170 621 1226 collectionem
653 1181 919 1247 reperta,
960 1173 1180 1229 inserta
1217 1188 1341 1228 esse
1378 1190 1500 1230 non
1527 1177 1897 1253 negaverim3
1962 1177 2136 1256 longe
2175 1177 2446 1252 pleraque

212 1294 414 1342 tamen
450 1287 546 1344 vel
583 1288 851 1363 proxime
895 1298 1030 1348 ante
1069 1289 1262 1347 exsilii
1307 1297 1603 1366 tempora»,
1656 1292 1750 1349 vel
1787 1293 1853 1348 in
1892 1293 2018 1370 ipso
2059 1294 2265 1349 exsilio
2283 1331 2303 1364 ,
2349 1291 2447 1349 vel

211 1401 468 1480 denique
490 1414 497 1419 ’
513 1413 648 1480 post
688 1405 945 1464 reditum
989 1426 1064 1465 ex
1111 1424 1180 1463 eo
1198 1446 1218 1479 ‚
1279 1407 1605 1482 temploque
1655 1409 1951 1485 sacrisque
1990 1408 2279 1466 restitutis
2321 1425 2447 1466 esse

211 1517 402 1594 facta,
445 1522 551 1579 vix
586 1519 846 1579 dubitari
871 1531 1079 1599 potest.
1165 1524 1328 1592 Quae
1359 1541 1537 1599 quum
1570 1523 1670 1604 itaJ
1685 1523 1842 1597 sint,
1884 1541 2008 1582 non
2041 1535 2173 1583 ante
2202 1523 2448 1585 Macca-

216 1632 400 1694 baz‘ca
438 1646 699 1715 tempora
729 1639 916 1696 altera
943 1640 1052 1697 illa
1081 1640 1405 1697 carminum
1434 1657 1569 1715 pars
1601 1641 1788 1717 priori
1819 1642 2126 1717 subjuncta
2152 1640 2349 1702 fuerit.

396 1751 588 1811 Hodie
628 1757 694 1813 in
737 1755 908 1813 libris
949 1754 1352 1815 Masoretbicis
1388 1754 1752 1818 Psalmorum
1790 1760 2062 1817 volumen
2101 1758 2166 1815 in
2197 1756 2233 1814 5
2265 1759 2449 1817 libros

220 1871 602 1930 distributum
645 1880 767 1944 est,
808 1889 1055 1947 quorum
1092 1873 1298 1949 cuique
1340 1872 1476 1931 finis
1518 1874 1602 1932 ibi
1641 1876 2040 1955 constituitur,
2082 1872 2186 1931 ubi
2216 1890 2450 1931 carmen

228 1988 296 2045 in
326 1987 509 2047 Amen
537 1989 757 2062 Amen,
795 1990 892 2046 vel
928 1987 1110 2046 Amen
1140 1983 1489 2064 Hallelujah
1533 1988 1766 2049 desinit.
1847 1989 1931 2050 Ut
1974 1993 2173 2070 itaque
2207 1992 2449 2070 primus
2505 1998 2510 2007 ’

222 2104 373 2162 liber
400 2103 498 2162 Ps.
522 2106 669 2187 4¹22
725 2104 1017 2162 secundus
1054 2106 1192 2178 72,
1253 2107 1478 2164 tertius
1515 2076 1942 2185 89.,'quartus
1979 2111 2151 2188 106„
2204 2113 2450 2190 quintus

226 2218 374 2278 150.
417 2219 606 2280 finiat.
687 2224 850 2290 Quae
887 2221 1186 2281 dividendi
1229 2224 1423 2296 ratio,
1466 2223 1745 2298 ,quamvis
1771 2225 1894 2298 jam
1918 2224 2268 2307 Hieronymi
2303 2239 2451 2288 tem·

221 2354 370 2412 pore
426 2335 609 2397 fuerit
668 2348 898 2416 recepta
915 2377 936 2412 ,
1005 2347 1199 2398 tamen
1254 2339 1493 2398 minime
1552 2337 1640 2396 ita
1692 2348 1860 2396 vetus
1916 2358 2042 2398 esse
2093 2353 2317 2421 potest,
2382 2356 2453 2405 ut

222 2448 581 2518 ludaeorum
618 2455 734 2515 fert
781 2458 1013 2534 opinio,
1070 2458 1169 2535 qui
1209 2455 1305 2515 vel
1342 2453 1419 2513 ad
1457 2454 1648 2532 ipsum
1667 2444 1998 2533 Davidem,
2054 2463 2149 2519 vel
2182 2474 2337 2523 certe
2376 2465 2453 2525 ad

222 2568 437 2629 Esram
483 2574 644 2631 illam
684 2573 966 2632 referunt.
1059 2571 1305 2631 Causam
1356 2571 1584 2648 quidem
1628 2572 1788 2630 illius
1838 2573 2146 2635 divisionis
2195 2582 2452 2659 plerique

222 2687 443 2764 putant
475 2687 656 2749 fuisse
699 2690 889 2765 hanc,
949 2690 1104 2767 quod
1140 2687 1536 2747 Pentateucho
1587 2690 1906 2750 assimilare
1950 2690 2296 2755 Psalterium
2337 2692 2452 2757 Ju-

225 2804 393 2863 daeis
434 2777 722 2883 placuerit
776 2805 900 2885 (ita
938 2809 1060 2882 jam
1103 2804 1466 2882 Epiphanius
1520 2804 1591 2863 do
1633 2808 1927 2866 mensuris
1976 2818 2041 2867 et
2083 2812 2454 2890 ponderibus
2573 2845 2578 2850 ·

229 2919 290 2993 ξ.
333 2921 391 2979 5.
438 2921 598 3003 opp.
641 2922 714 2983 T.
754 2933 817 2988 2.
861 2948 917 3004 p.
965 2925 1158 3001 162).
1241 2924 1392 2982 Aliis
1438 2942 1578 2982 vero
1620 2931 1681 2980 et
1708 2907 1977 3002 *quinque
2022 2927 2278 3004 partium
2316 2931 2455 2989 illa-

228 3058 364 3097 rum
414 3041 796 3119 inaequalitas
811 3084 831 3116 ,
910 3053 970 3103 et
1020 3042 1381 3101 Psalmorum
1397 3080 1417 3113 ,
1490 3040 1593 3116 qui
1637 3039 1709 3097 in·
1755 3041 2005 3122 singulis
2058 3046 2453 3119 continentur,

228 3159 389 3215 ratio
420 3157 578 3235 ipsa,
616 3175 862 3240 arguere
894 3161 1156 3230 videtur,
1200 3154 1538 3232 partitionis
1571 3156 1741 3214 istius
1774 3160 2061 3240 originem
2086 3154 2456 3237 repetendam

231 3290 359 3331 esse
415 3291 453 3331 a
505 3277 748 3335 totidem
790 3280 1049 3338 ‘diversis
1098 3275 1423 3333 carminum
1451 3265 1956 3350 ¹collectionibus,
2026 3294 2174 3352 quae
2229 3279 2454 3354 ordine,

233 3409 353 3467 quo
386 3394 662 3468 paulatim
693 3404 833 3453 sunt
861 3394 1069 3470 factae,
1116 3412 1179 3450 se
1210 3392 1532 3468 excipiant.
1615 3390 1870 3450 Omnino
1900 3402 1969 3451 ut
2000 3395 2086 3452 ita
2114 3400 2458 3471 statuamus,

233 3528 333 3566 res
378 3509 502 3586 ipsa
544 3509 785 3588 suadere
829 3511 1092 3585 videtur3
1165 3509 1234 3568 de
1260 3505 1511 3566 ‘ratione
1554 3516 1746 3565 tamen
1806 3511 2168 3591 singulorum
2221 3514 2459 3571 illorum

236 3633 702 3704 syntagmatum,
765 3636 823 3683 et
866 3625 1072 3704 quibus
1115 3626 1473 3699 temporibus
1517 3625 1639 3681 sint
1671 3623 1863 3699 faeta,
1918 3628 2007 3684 nil
2046 3630 2192 3686 certi
2226 3628 2459 3689 definiri

236 3745 473 3817 poterit.
536 3740 625 3800 Cf.
661 3744 1071 3804 REM-nomn
1102 3742 1350 3803 Einleit.
1390 3740 1534 3799 Vol.
1557 3736 1617 3797 5.
1654 3739 1724 3800 Ρ.
1759 3742 1826 3802 l.
1855 3764 1912 3820 p.
1944 3744 2132 3805 2009.
2163 3763 2286 3822 sqq.

410 3859 480 3919 In
513 3860 886 3939 singulorum
925 3864 1246 3920 carminum
1290 3858 1580 3930 divisione
1622 3876 1690 3915 ac
1726 3878 1965 3919 numero
2008 3860 2147 3918 libri
2185 3859 2461 3926 Hebraici
2515 3871 2520 3878 ’

240 3974 413 4034 hodie
456 3995 575 4034 non
611 3978 785 4056 plane
817 3982 1211 4038 consentiunt.
1299 3979 1394 4042 Ps.
1432 3980 1486 4038 1.
1517 3980 1584 4037 in
1618 3973 1957 4052 quibusdam
1986 3974 2167 4037 Codd.
2202 3979 2459 4037 secundo
2580 4023 2592 4040 s

242 4093 527 4172 jungitur,
573 4104 662 4168 ut,
705 4096 805 4170 qui
850 4098 916 4154 In
960 4098 1130 4155 libris
1173 4100 1329 4176 typis
1376 4096 1681 4172 exscriptis
1718 4094 1942 4176 tertius
1986 4106 2340 4169 numeretur,
2382 4098 2461 4153 sit

256 4209 551 4270 secundus.
630 4210 777 4270 Item
821 4230 1086 4288 carmen,
1147 4214 1299 4291 quod
1341 4214 1510 4271 nobis
1544 4224 1633 4271 est
1671 4215 1805 4284 43„
1861 4210 1925 4269 in
1964 4213 2262 4270 nonnullis
2292 4211 2460 4269 libris

258 4328 653 4404 manuscriptis
678 4305 952 4409 jungitur
982 4331 1383 4413 praecedenti,
1442 4339 1542 4405 ut,
1584 4328 1739 4408 quod
1768 4330 1842 4387 ⁴in
1878 4328 2167 4406 plerisque
2210 4334 2298 4383 est
2338 4326 2460 4396 44„
