2807 4913
352 278 361 289 ’
425 321 581 401 622
1072 300 1077 303 “
1211 315 1336 383 Ρ..
1394 312 1863 401 220,·2-;-4.

422 494 751 566 absolutum
767 542 786 573 ,
830 509 900 559 ut
928 502 1033 572 6⁰,
1059 495 1159 571 6.,
1209 497 1316 557 ubi
1344 507 1475 557 not.
1501 496 1660 573 ἢὼς
1718 498 1817 557 vel
1851 492 2280 558 substantivum
2312 497 2646 575 emphatice

417 611 527 671 pro
558 588 842 663 adjectivo
871 587 1129 662 ponitur,
1155 603 1217 660 q.
1243 583 1299 640 d.
1332 602 1374 641 a
1401 583 1636 660 lingua,
1657 602 1805 661 quae
1829 602 1984 641 mera
2015 593 2104 642 est
2127 583 2327 659 fraga
2358 594 2419 642 et
2450 583 2646 656 dolus,

422 685 495 736 nt
522 673 626 745 35,
651 670 897 757 6.“ηιρη
942 676 1119 761 023*st
1150 668 1254 725 via
1275 680 1496 724 ‘eorum
1535 670 1616 724 sit
1647 669 1862 744 caligo.
1931 667 2110 727 Hisce
2145 667 2646 727 obtrectatoribus

420 750 837 834 intelligendos
860 771 984 810 esse
1004 771 1187 811 novas
1213 754 1437 810 incolas
1457 754 1720 832 regionis
1747 753 2149 812 Samaritanae
2177 756 2340 811 recte
2365 755 2648 810 observat

422 843 724 920 Tilingius
764 836 859 917 (p.
888 832 1053 916 68.)
1135 838 1417 909 „Quibus
1447 838 1554 894 illi
1595 836 2156 910 machinationibus,
2224 839 2432 912 quibus
2489 837 2647 893 dolis

421 929 702 1002 falsisque
744 922 1252 981 criminationibus
1291 921 1515 979 fuerint
1554 923 1683 994 nsi,
1742 930 1814 979 ut
1850 919 2098 979 Judaeos
2139 925 2351 997 templo
2393 930 2455 978 et
2496 921 2646 978 urbe

419 1008 857 1071 reaedificandis
886 1007 1256 1082 depellerent,
1281 1007 1479 1063 multis
1506 1008 1755 1064 relatum
1786 1006 2034 1083 legimus
2070 1009 2132 1062 in
2162 1007 2329 1064 libris
2359 1006 2551 1064 Esrae
2581 1011 2646 1061 et

418 1090 749 1156 Nehemiae.
829 1090 1005 1150 Modo
1036 1092 1253 1167 apertis
1281 1091 1597 1148 mendaciis
1619 1102 1681 1148 et
1710 1090 1872 1147 falsis
1902 1091 2409 1149 criminationibus
2453 1087 2666 1172 (quod·

420 1199 525 1258 per
565 1178 935 1267 ἾῙΞιρ-τιὲἱτρ
970 1171 1274 1255 innuitur)
1314 1194 1522 1256 regum
1549 1174 1852 1251 Persarum
1889 1176 2113 1233 animos
2154 1177 2216 1233 in
2247 1175 2502 1234 Judaeos
2541 1192 2646 1230 ac-

421 1255 761 1333 cenderunt,
804 1259 1241 1336 effecerantque,
1282 1269 1351 1316 ιιι
1384 1261 1600 1318 severis
1632 1261 1838 1318 edictis
1862 1256 2256 1336 prohiberent,
2297 1278 2413 1337 quo
2441 1261 2645 1318 minus

419 1347 695 1423 templum
722 1344 1180 1415 reaedificarent,
1206 1344 1359 1421 quod
1384 1342 1655 1421 inprimis
1684 1344 1755 1403 ab
1781 1342 2120 1403 Arthasasta
2143 1344 2359 1401 factum
2388 1347 2645 1425 legimns

418 1434 675 1499 Esr..4.;
731 1425 905 1486 modo
947 1438 1101 1486 tecta
1137 1429 1345 1487 fraude
1385 1439 1448 1486 et
1486 1428 1699 1487 fucatis
1730 1429 1924 1488 verbis
1965 1423 2145 1506 (quod
2177 1428 2376 1487 forsan
2410 1435 2646 1505 spectat

420 1524 601 1598 Πὶτη
659 1509 847 1597 suffla)
898 1516 1034 1572 illos
1072 1512 1148 1570 ab*
1193 1533 1363 1590 opere
1409 1524 1674 1590 suscepto
1726 1531 2003 1573 revocare
2046 1514 2310 1590 illudque
2352 1512 2646 1589 impedire

418 1585 749 1671 stddebant,
787 1579 919 1656 Est.
945 1600 1010 1671 4,
1044 1600 1097 1655 1.
1120 1600 1188 1655 2.
1275 1599 1461 1674 Atque
1487 1599 1688 1674 paucis
1718 1599 1888 1655 annis
1922 1599 2244 1672 interjectis
2260 1639 2279 1669 ,
2320 1599 2428 1655 snb
2456 1599 2645 1656 Arta-

417 1703 602 1745 xerxe
640 1681 979 1756 Mnemone,
1029 1681 1181 1740 idem
1221 1692 1556 1756 tentarunt,
1613 1680 1861 1741 Iudaeos
1903 1701 1939 1740 a
1968 1683 2293 1740 reficiendis
2331 1682 2644 1739 moenibus

417 1770 582 1831 urbis
628 1765 961 1824 abstrahere
1007 1779 1318 1841 conantes,
1382 1786 1540 1825 nunc
1578 1768 1889 1826 virulentis
1930 1768 2155 1825 cavillis
2198 1777 2258 1824 et
2300 1767 2642 1833 sarmmis,

416 1852 568 1914 Neh.
600 1853 662 1926 3,
695 1852 791 1907 19.
833 1861 892 1908 et
931 1853 995 1923 4,
1028 1852 1054 1906 1
1082 1883 1155 1894 --
1179 1851 1272 1925 5.‚
1312 1870 1470 1910 nunc
1500 1854 1563 1909 vi
1594 1861 1653 1908 et
1681 1854 1884 1922 armis,
1924 1850 2073 1910 Neh.
2105 1852 2166 1922 4,
2197 1853 2431 1928 7.,sqq.,
2477 1868 2642 1907 nunc

415 1941 630 1997 iterum
669 1938 862 1994 verbis
903 1934 975 1993 ad
1019 1937 1213 1993 dolum
1253 1938 1635 2012 comparatis,
1692 1937 1936 2012 aliisque
1973 1935 2359 1992 fraudulentis
2401 1935 2640 2005 mediis,

414 2021 563 2084 Neh.
595 2024 659 2080 6.
743 2019 935 2078 Variis
967 2020 1197 2078 tandem
1231 2021 1455 2079 artibus
1487 2041 1611 2079 rem
1642 2039 1711 2077 eo
1740 2020 2135 2092 deduxerunt,
2191 2030 2260 2077 ιιι
2287 2039 2405 2077 non
2435 2021 2635 2076 solum

415 2107 696 2185 quosdam
719 2124 794 2163 ex
820 2105 1176 2182 principibus
1193 2107 1343 2163 viris
1371 2105 1446 2162 ad
1466 2125 1527 2162 se
1553 2106 1913 2182 pellexerint,
1933 2106 2025 2161 uti
2041 2114 2302 2179 nepotem
2322 2103 2637 2174 Elischibi,

413 2190 563 2252 Neh.
600 2192 700 2264 13,
726 2192 864 2258 28.;
931 2190 1032 2248 sed
1071 2200 1130 2247 et
1158 2200 1228 2247 ut
1263 2188 1503 2248 dimidia
1534 2207 1667 2267 pars
1702 2189 1964 2263 Israelis,
2018 2199 2256 2246 auctore
2289 2186 2635 2246 Abraham

413 2260 673 2351 Za'ccut,
717 2276 792 2333 ad
830 2274 1231 2335 Samaritanus
1270 2274 1603 2333 defecerit.“

585 2403 650 2463 3.
735 2397 1097 2479 Apostrophe
1127 2398 1201 2459 ad
1231 2403 1388 2479 ipsos
1416 2400 1774 2474 Samaritae,
1825 2418 1940 2479 qua
1970 2399 2281 2477 exprobrat
2308 2401 2429 2459 illis
2447 2392 2630 2459 'snm-

413 2507 568 2550 mam
608 2487 930 2561 malitiam,
987 2496 1188 2562 utpote
1226 2488 1327 2564 qui
1368 2507 1442 2545 ex
1483 2490 1618 2548 suis,
1652 2487 1957 2543 calumniis
2004 2486 2353 2544 et'fallaciis
2397 2488 2633 2545 nullum

413 2575 529 2650 ipsi
573 2570 826 2631 fructum
869 2581 1176 2646 caperent3
1235 2574 1369 2629 aliis
1415 2582 1607 2629 tamen
1640 2574 1957 2629 maximum
2000 2570 2265 2627 damnum
2310 2570 2630 2629 afferrent:

413 2657 580 2729 Quid
618 2655 790 2715 dabit
829 2656 973 2729 tibi,
1015 2657 1393 2731 obtrectator,
1431 2653 1638 2733 lingua
1684 2664 1793 2714 tua
1819 2653 2268 2729 fraudulenta?
2327 2664 2440 2712 aut
2481 2654 2637 2732 quid

413 2744 569 2802 lucri
609 2725 724 2799 tibi
765 2740 1066 2814 adjiciet?
1118 2743 1222 2815 ita,
1265 2760 1344 2800 sc.
1374 2744 1438 2800 in
1466 2742 1675 2799 bonam
1708 2751 1947 2818 partem,
1987 2741 2224 2799 verbum
2257 2750 2379 2827 51:22
2411 2741 2633 2798 dicitur

304 2875 310 2882 .
373 2867 380 2873 -
412 2829 592 2885 etiam
633 2826 781 2884 Gen.
810 2828 915 2899 30,
939 2829 1040 2884 24.
1078 2825 1170 2884 Ps.
1203 2825 1343 2900 115,
1376 2828 1475 2884 14.
1560 2827 1678 2884 Alii
1710 2845 1846 2885 vero
1879 2825 1944 2882 in
1979 2827 2186 2883 malam
2215 2836 2442 2900 partem
2469 2825 2631 2881 acci-

413 2914 607 2987 piunt,
640 2920 708 2968 ut
737 2912 803 2968 in
823 2911 1206 2986 jurisjurandi
1235 2910 1482 2970 formula
1514 2912 1543 2967 1
1567 2911 1719 2969 Sam.
1745 2911 1807 2984 3,
1829 2911 1926 2967 17.
1971 2910 2071 2981 14,
2102 2912 2203 2967 44.
2243 2908 2418 2968 Ruth.
2443 2911 2500 2982 1,
2521 2909 2629 2981 17,

360 2989 365 2995 ’
410 2993 727 3076 (quomodo
762 3002 822 3052 et
853 2996 1091 3054 verbum
1128 3005 1238 3079 7132
1278 2995 1417 3055 Lev.
1444 2989 1548 3068 24,
1585 2997 1679 3052 19.
1707 2998 1808 3053 20.
1841 2992 2215 3071 usurpatur),
2270 2992 2380 3052 hoc
2412 3009 2629 3051 sensu:

410 3088 692 3159 quantum
742 3081 1062 3153 malorum,
1129 3090 1412 3156 quantum
1467 3081 1828 3146 damnorum‘
1859 3081 1996 3139 dare
2043 3090 2103 3137 et
2157 3079 2371 3138 inferre
2422 3086 2629 3156 potest

408 3167 616 3243 lingua
669 3164 872 3222 dolosa
918 3164 1434 3224 obtrectationibus
1481 3174 1655 3242 atque
1700 3167 2005 3224 calumniis
2049 3161 2206 3221 suis!
2289 3161 2633 3224 Retinenda

403 3268 547 3310 vero
577 3250 888 3328 explicatio
922 3251 1109 3326 primo
1148 3245 1276 3308 loco
1317 3251 1650 3326 proposita,
1708 3269 1878 3327 quam
1909 3247 2227 3307 Chaldaeus
2256 3267 2483 3326 quoque
2513 3266 2631 3306 ex-

320 3405 329 3410 ]
404 3334 619 3411 pressit
646 3330 738 3389 his
765 3333 991 3391 verbis:
1042 3334 1187 3412 quid
1225 3332 1395 3391 dabit
1435 3333 1570 3407 tibi,
1614 3352 1647 3392 ο
1692 3332 2125 3393 calumniator!
2168 3342 2279 3393 aut
2318 3332 2468 3413 quid
2506 3332 2630 3391 ad·-
2729 3371 2736 3386 .

388 3417 581 3491 jicict
626 3416 760 3491 tibi,
803 3435 837 3474 o
881 3416 1300 3476 obtrectator!
1337 3418 1545 3496 lingua
1583 3417 1829 3485 dolosa?
2113 3443 2116 3448 ·

573 3548 633 3603 4.
714 3543 920 3624 Pergit
950 3538 1193 3622 populus
1222 3547 1422 3622 queri,
1475 3554 1569 3620 et,
1625 3555 1902 3624 quantum
1934 3545 2221 3605 malorum
2252 3544 2365 3602 sibi
2397 3545 2629 3603 existat

324 3635 332 3706 j
403 3631 476 3690 ab
505 3630 637 3687 istis
668 3631 991 3702 calumniis,
1035 3631 1329 3703 describit,
1367 3632 1751 3707 comparando
1779 3650 1875 3689 eas
1904 3632 2091 3708 primo
2120 3631 2350 3708 quidem
2377 3631 2629 3708 sagittis

396 3715 753 3793 praeacutis,
801 3715 872 3771 ab
903 3711 1134 3771 homine
1161 3715 1405 3774 robusto
1435 3728 1493 3774 et
1525 3719 1756 3774 valente
1779 3716 2076 3790 jaculatis,
2117 3732 2361 3791 quorum
2389 3714 2627 3771 idcirco

397 3800 577 3878 plaga
605 3799 782 3856 altius
817 3800 881 3855 in
908 3814 1119 3871 corpus
1150 3796 1474 3875 descendit3
1520 3810 1645 3858 tum
1675 3819 1815 3859 vero
1843 3799 2187 3859 carbonibus
2214 3793 2629 3857 candentibus.

395 3880 686 3960 Sagittae
711 3880 924 3956 fortis
965 3891 1182 3939 acutae
1225 3897 1362 3942 sunt
1395 3882 1972 3963 calumniaeiaeque
2005 3901 2079 3939 ac
2114 3882 2397 3941 carbones
2436 3883 2628 3959 geni·-

396 3975 651 4025 starum.
734 3965 1026 4024 Particula
1067 3974 1146 4048 0³2
1183 3969 1477 4048 significat
1514 3968 1573 4028 h.
1613 3972 1652 4026 l.
1690 3986 1872 4049 aequo
1909 3987 2018 4041 ac,
2080 3976 2149 4025 ut
2191 3970 2331 4041 106,
2360 3965 2418 4026 6.
2464 3965 2624 4025 coh.

397 4053 463 4124 2,
498 4052 593 4108 16.
640 4053 702 4124 7,
736 4051 834 4108 11.
918 4050 1167 4110 Nomine
1205 4051 1340 4137 012²!
1382 4064 1450 4111 ut
1485 4071 1739 4112 consona
1767 4055 2013 4113 Arabica
2035 4070 2177 4112 voce
2213 4053 2458 4131 genista
2493 4070 2627 4109 no-

392 4143 559 4192 tatur
605 4133 751 4215 (vid.
786 4135 920 4194 libr.
950 4147 1103 4194 nost.
1147 4134 1302 4194 Bibl.
1331 4135 1729 4215 Naturgesch.
1771 4136 1837 4196 P.
1862 4138 1906 4195 1.
1949 4159 2005 4215 p.
2040 4132 2238 4213 121.)‚
2287 4156 2432 4216 quae
2475 4136 2626 4217 igni

388 4219 606 4292 injecta
635 4219 870 4299 fragore
898 4228 1096 4294 tonat,
1151 4223 1316 4280 velut
1350 4223 1653 4299 juniperus
1669 4265 1689 4297 ,
1746 4241 1920 4300 quam
1945 4232 2145 4281 notam
2176 4224 2432 4299 apprime
2464 4237 2628 4278 cona

384 4305 588 4361 venire
616 4312 827 4381 putant
858 4309 1052 4364 animo
1079 4306 1359 4364 iracundo
1387 4317 1446 4363 et
1471 4308 1702 4366 immiti.
1745 4308 1863 4367 Sed
1891 4326 2067 4385 quum
2095 4300 2291 4390 ΠἿξΠΞ
2317 4304 2621 4363 carbones

377 4395 559 4463 poeta
608 4396 808 4468 noster
853 4390 926 4448 ad
971 4392 1458 4469 comparatIonem
1504 4391 1811 4467 adhibeat,
1873 4400 2140 4470 apparet,
2200 4372 2322 4451 fon
2365 4398 2488 4450 ιιιιι
2537 4390 2624 4449 dc
