2807 4913
1056 291 1178 357 Pa.
1241 310 1299 377 1,
1352 285 1601 356 3—5.
2329 290 2430 360 25

220 474 315 538 τῶν
341 465 619 550 ὑδάτων)
659 474 939 532 videntur
979 490 1101 531 esse
1145 475 1379 532 canales
1423 474 1499 531 ad
1545 475 1906 554 rigationem
1953 473 2260 535 hortorum
2305 485 2433 535 arte

220 563 434 620 diducti.
531 559 651 618 Jes.
700 561 967 631 58,11.
1019 561 1373 637 prosperitas
1426 561 1782 635 reipublicae
1830 558 2107 619 Judaicae
2153 572 2438 620 renovata

223 655 577 722 comparatur
625 646 802 704 horto
850 645 1108 720 irriguo.
1182 642 1268 701 Cf.
1299 644 1356 701 d.
1382 663 1440 704 a.
1468 661 1525 700 u.
1556 664 1612 702 n.
1644 642 1933 722 Mor-goul.
1962 645 2028 703 Ρ.
2059 649 2123 706 4.
2159 646 2271 704 No.
2299 648 2436 703 180.
2473 704 2480 717 ‚

225 734 351 792 ‘ima
400 762 481 775 —-
539 730 696 818 Ἶφις
738 727 861 797 Qui
888 727 1152 801 fructus
1196 728 1396 786 reddit
1445 738 1708 807 tempore
1750 748 1893 803 suo,
1938 733 1980 787 i.
2010 751 2061 788 e.
2098 733 2433 809 quotannis,

235 838 310 887 eo,
346 835 469 892 quo
514 822 922 890 exspectatur,
968 825 1242 891 tempore.
1330 814 1492 872 Haec
1525 833 1664 872 vero
1695 816 1920 873 verba'
1901 835 1966 872 m
2003 820 2437 891 comparatione

234 920 318 958 non
358 903 438 957 ad
487 899 933 959 similitudinem
973 900 1345 980 diriguntur,
1390 900 1491 957 sed
1524 900 1597 956 ad
1630 909 1961 975 perpetuam
1993 900 2331 958 felicitatem
2378 912 2438 958 et

224 989 711 1042 conservationem
744 994 872 1041 tota
900 986 1258 1060 comparatio
1301 985 1618 1062 dirigitur,
1663 994 1730 1041 ut
1760 985 1971 1042 docent
2003 1004 2149 1063 quae
2179 1004 2437 1062 sequun-

220 1082 310 1128 tur.
392 1067 541 1132 ’3ἣ3Ἴ
566 1066 713 1130 ’ἐϋ
755 1086 799 1131 ²71
787 1066 947 1129 *7²:3⁷7
1003 1068 1190 1141 Cujus
1218 1067 1449 1143 folium
1490 1086 1605 1126 non
1646 1069 1986 1127 marcescit.
2062 1070 2294 1128 Statum
2327 1069 2439 1130 ho-

144 1164 147 1167 ’
214 1159 374 1212 minis
403 1153 691 1211 fortunae
720 1157 906 1226 copiis
895 1137 1197 1211 'florentis
1218 1154 1480 1211 Orientis
1502 1163 1704 1230 poetae
1732 1156 1986 1233 imagine
2009 1150 2250 1213 arboris
2284 1153 2440 1212 lacto

212 1239 470 1316 vigentis
509 1247 709 1295 amant
737 1240 1077 1313 exprimere.
1137 1239 1266 1298 Vid.
1295 1238 1426 1299 Joh.
1458 1241 1517 1310 8,
1554 1240 1650 1298 16.
1705 1238 1802 1309 15,
1832 1240 1931 1295 32.
1969 1234 2180 1333 Πιξιζζ
2217 1271 2290 1283 -
2325 1236 2438 1306 'sm

211 1325 288 1383 Et
328 1323 633 1402 quidquid
657 1322 915 1395 faciat,
971 1341 1276 1402 prospero
1321 1323 1615 1381 succedet.
1699 1325 1890 1391 Quum
1939 1331 2080 1412 πῆς»
2129 1307 2314 1383 ²etiam
2368 1308 2440 1381 de

207 1413 414 1469 arbore
453 1409 702 1479 dicatur,
744 1406 968 1466 fructus
1003 1409 1349 1485 proferente,
1394 1417 1460 1465 ut
1493 1406 1607 1464 Jes.
1637 1404 1695 1478 5,
1723 1413 1784 1463 4.
1830 1409 1934 1482 37,
1963 1414 2063 1468 31.
2098 1426 2283 1483 neque
2316 1429 2439 1468 non

206 1491 335 1556 1732
366 1494 477 1550 Ez.
516 1496 616 1565 17,
643 1495 699 1548 9.
730 1495 822 1551 10.
852 1493 921 1549 de
957 1495 1163 1551 arbore
1194 1494 1444 1551 feliciter
1473 1495 1793 1550 virescente
1824 1503 2164 1569 usurpetur,
2202 1493 2444 1551 fuerunt

210 1564 599 1654 interpretes,
653 1580 755 1654 qui
800 1577 944 1636 haec
984 1581 1163 1637 verba
1209 1598 1328 1636 non
1374 1579 1449 1636 ad
1480 1575 1769 1679 probum,
1824 1596 2027 1634 verum
2062 1577 2137 1633 ad
2168 1577 2442 1636 arborem

205 1665 518 1722 referrent.
611 1660 729 1719 Sed
771 1682 892 1719 non
939 1664 1145 1721 desunt
1185 1667 1444 1739 exempla
1489 1664 1697 1719 similis
1740 1663 1805 1719 in
1839 1680 1956 1718 uno
1998 1661 2308 1738 eodemque
2344 1664 2448 1720 Vs:

210 1751 637 1806 translatorum
681 1765 810 1803 cum
862 1751 1113 1825 propriis
1159 1751 1618 1826 permutationis,
1701 1746 1786 1805 Cf.
1835 1747 2077 1805 Low'rfl
2137 1746 2207 1805 de
2259 1766 2444 1806 sacra

202 1834 384 1912 poesi
414 1831 608 1890 Hebr.
650 1853 706 1909 p.
747 1833 881 1890 111.
928 1835 1062 1890 edit.
1101 1833 1255 1910 Lips.
1339 1832 1609 1902 Accedit,
1655 1829 1844 1910 quod,
1900 1851 2075 1908 quum
2110 1833 2229 1905 jam
2272 1852 2444 1910 prae-

212 1920 517 1976 cessisset:
579 1936 729 1994 quae
785 1918 914 1974 edit
955 1918 1244 1991 fructum
1298 1928 1464 1977 stato
1516 1927 1813 1996 tempore,
1888 1912 2061 1991 cujus
2097 1916 2272 1989 folia
2328 1937 2445 1976 non

213 2014 624 2073 marcescunt3
670 2000 1034 2082 ταυτρλογία
1068 2007 1169 2061 vix
1199 2005 1498 2062 toleranda
1524 2013 1696 2075 esset,
1729 2005 1781 2057 si
1812 2007 1989 2059 etiam
2023 2004 2235 2060 verba:
2270 2004 2444 2080 quid-

215 2085 705 2163 quidfructuum
724 2087 1040 2166 producit,
1078 2080 1376 2167 prospere
1409 2088 1716 2166 perficiet,
1756 2087 1828 2142 ad
1863 2089 2123 2144 arborem
2156 2087 2444 2145 referren-

214 2182 333 2228 tur.
422 2171 641 2229 Sensus
684 2175 877 2249 potius
921 2188 1009 2230 est
1052 2173 1179 2231 hic:
1241 2176 1356 2230 erit
1395 2176 1525 2249 pius
1568 2175 1757 2229 instar
1807 2172 2035 2228 arboris
2082 2170 2444 2248 fructiferae,

219 2266 277 2313 et
319 2259 518 2314 omnia
562 2277 834 2334 prospere
875 2261 988 2335 ipsi
1029 2260 1354 2317 succedent.

2452 2251 2478 2265 S

390 2387 452 2441 4.
541 2382 761 2441 Contra
805 2387 971 2462 impii
1002 2386 1262 2443 homines
1298 2386 1478 2461 paleis
1508 2386 1725 2442 similes
1762 2393 1920 2454 sunt,
1965 2401 2208 2459 quarum
2238 2385 2446 2443 levitas

220 2477 530 2527 ventorum
562 2473 952 2550 exagitationi
980 2475 1244 2547 exposita
1275 2482 1397 2542 est,
1443 2481 1502 2527 et
1533 2472 1603 2527 ab
1637 2470 1728 2526 his
1754 2471 2008 2543 jactatur
2048 2478 2107 2525 et
2144 2470 2449 2545 abripitur.

222 2554 421 2632 Imago
452 2556 587 2611 inde
617 2568 704 2611 est
735 2559 1017 2630 repetita,
1064 2555 1253 2633 quod,
1298 2559 1392 2615 vel
1425 2576 1555 2612 cum
1597 2555 1951 2612 frumentum
1989 2573 2147 2609 more
2191 2556 2450 2612 orienta-
2515 2619 2524 2622 Ἰ

222 2641 367 2695 lium
397 2642 612 2698 teritur
644 2643 706 2696 in
743 2640 889 2710 locis
924 2641 1095 2697 editis
1143 2640 1341 2739 (0⁸7³.
1371 2645 1467 2724 γ’73
1497 2641 1612 2700 JeS.
1658 2635 1958 2716 17,13.)‚
2005 2640 2102 2695 vel
2132 2641 2453 2697 ventilatur

227 2725 289 2779 in
329 2729 522 2798 areiS,
580 2744 726 2801 quae
770 2727 835 2781 in
877 2728 1008 2783 istis
1056 2728 1231 2784 terris
1275 2710 1379 2782 sub
1425 2724 1521 2782 dio
1562 2733 1768 2795 erant,
1825 2733 1884 2780 et
1927 2726 2238 2782 etiamnum
2281 2735 2452 2798 sunt,

227 2812 392 2884 palca
434 2820 610 2867 vento
655 2811 1027 2889 dispergitur.
1104 2808 1231 2866 Vid.
1264 2811 1321 2868 d.
1357 2830 1413 2870 a.
1449 2829 1504 2866 u.
1546 2830 1605 2867 n.
1635 2807 1923 2885 Morgenl.
1973 2810 2032 2865 P.
2063 2810 2121 2866 4.
2164 2809 2274 2866 No.
2309 2811 2451 2866 781.
2463 2881 2468 2886 ἱ

229 2892 417 2970 Atque
458 2894 600 2956 haec
643 2897 871 2969 quidem
912 2898 1105 2974 imago
1146 2896 1289 2952 adeo
1333 2905 1468 2970 apta
1509 2898 1637 2952 visa
1676 2906 1763 2950 est
1807 2897 1993 2968 poetis
2038 2891 2334 2966 hebraeis,
2378 2894 2455 2951 ad

228 2980 512 3051 subitam,
570 2999 683 3055 qua
724 2980 934 3038 infelix
967 2982 1229 3037 redditur
1265 2981 1594 3055 improbuS,
1640 2980 2076 3035 conversionem
2112 2998 2306 3035 rerum
2349 2998 2453 3035 ex-

228 3065 607 3140 primendam,
645 3074 711 3121 ut
745 3085 869 3121 eam
903 3067 1128 3146 saepius
1160 3074 1463 3139 usurpent,
1508 3065 1691 3121 veluti
1721 3062 1818 3119 Ps.
1850 3063 1951 3133 35,
1984 3063 2038 3119 5.
2086 3061 2232 3119 Hos.
2272 3065 2366 3136 13,
2396 3067 2453 3120 3.

204 3147 297 3216 ‚ln
326 3150 556 3207 zerbis:
602 3166 656 3212 a:
664 3164 859 3228 2727-
880 3163 1029 3238 ἾΨζζ
1058 3149 1229 3206 Pron.
1256 3152 1422 3207 relat.
1449 3157 1602 3209 *ium
1634 3150 1896 3205 absolute
1926 3149 2177 3224 positum
2212 3158 2330 3204 est:
2375 3146 2459 3204 ad

231 3251 405 3308 quam
454 3228 741 3311 (paleam)
786 3228 953 3310 quod
980 3226 1241 3306 attinet,
1286 3232 1554 3311 dispellit
1598 3253 1724 3289 eam
1770 3242 2013 3305 ventus,
2060 3241 2123 3287 ut
2168 3252 2240 3288 ex
2271 3235 2455 3332 ‘genio

227 3319 564 3398 linguarum
598 3319 933 3377 Occidentis
967 3317 1115 3375 illud
1154 3331 1298 3383 Ἶῑυκ
1344 3319 1517 3376 modo
1560 3318 1838 3375 relationi
1883 3315 2226 3374 indicandae
2268 3319 2457 3373 inser-

228 3406 385 3471 viat,
434 3417 499 3463 ut
537 3402 653 3461 Jer.
694 3407 748 3475 1,
785 3406 841 3460 2.
890 3401 1030 3467 7⁴³&
1073 3404 1218 3465 w&
1262 3403 1343 3461 ad
1383 3422 1584 3479 quem,
1628 3402 1807 3460 Deut.
1844 3403 1946 3475 28,
1978 3404 2078 3458 49.
2124 3398 2267 3462 ‘'N':
2315 3400 2461 3493 ’ἾῑζρΝ

230 3483 385 3547 ‘uit-⁹:
446 3501 636 3568 rmum,
701 3488 874 3561 cujus
921 3469 1223 3563 linguam
1233 3508 1347 3546 non
1390 3487 1705 3566 intelligis.
1791 3485 1859 3543 In
1906 3488 2091 3586 priori
2140 3485 2312 3562 hujus
2359 3468 2461 3542 Vs,
2485 3551 2496 3566 Ι

230 3555 488 3633 membro
507 3557 697 3634 L‘X'X
728 3594 832 3673 pro
862 3573 1127 3661 3731337·
1164 3583 1295 3654 '3:-
1316 3569 1398 3634 &b
1446 3584 1700 3648 ponunt:
1754 3565 1860 3633 οὔκ
1893 3593 2077 3641 ουτως
2110 3594 2172 3632 oo
2199 3568 2460 3650 ἀσεβεῖς,

231 3652 339 3738 οὗχ
384 3651 608 3732 οὕτως,
651 3660 818 3735 quasi
853 3659 985 3738 ῑ3-
1004 3663 1087 3724 N:
1096 3639 1210 3715 bis
1244 3661 1542 3736 legissent.
1628 3658 1787 3715 Idem
1823 3667 2144 3733 sequuntur
2172 3656 2458 3735 Vulgatus

230 3754 288 3800 et
319 3746 542 3818 Arabs,
587 3747 702 3843 qui·
731 3763 802 3799 ex
848 3745 1070 3801 Graeco
1110 3752 1426 3806 verterunt.
1518 3742 1637 3801 Sed
1677 3754 1737 3816 et
1784 3741 2004 3819 Syrus,
2067 3744 2167 3818 qui
2214 3762 2244 3797 e
2295 3749 2463 3797 textu

229 3828 389 3888 hebr.
423 3833 640 3900 vertit,
685 3831 767 3884 in·
781 3826 921 3885 Cod.
956 3829 1198 3929 Erpenii
1244 3848 1413 3884 suum
1445 3838 1615 3887 &2:23
1650 3821 1732 3892 &D
1771 3831 2039 3905 repetiit,
2084 3825 2236 3902 quod
2269 3835 2464 3881 tamen

232 3916 295 3972 in
346 3916 489 3973 Cod.
537 3915 766 3973 Usserii
813 3917 1071 3995 margini
1119 3915 1476 3990 adscriptum
1521 3912 1654 3977 fuit.
1741 3913 1820 3971 Et
1872 3923 2026 3971 recte
2070 3906 2339 3987 quidem,
2396 3920 2465 3967 ut

234 4001 381 4057 mihi
417 4002 671 4058 videtur.

392 4128 472 4187 -5.
559 4127 803 4215 naama
840 4154 926 4169 —-··
957 4123 1035 4191 337
1082 4113 1302 4204 Itaque
1348 4127 1605 4206 improbi
1653 4145 1767 4183 non
1812 4125 2143 4181 consistent
2185 4126 2466 4180 scelerum

242 4216 497 4271 convicti
527 4233 669 4289 prae
699 4222 854 4268 metu
885 4222 943 4269 et
972 4213 1216 4271 horrore
1257 4212 1321 4269 iu
1352 4212 1607 4285 judicio,
1693 4212 1781 4269 Eo
1817 4212 2086 4267 nonnulli
2115 4210 2465 4286 intelligunt

243 4297 562 4355 humanum
606 4298 902 4369 tribunal,
968 4318 1164 4355 coram
1213 4317 1328 4374 quo
1371 4301 1554 4398 ’impii
1600 4312 1775 4354 causa
1828 4293 2058 4364 cadant.
2148 4292 2264 4349 Sed
2309 4299 2465 4347 recte

250 4380 606 4442 Chaldaeus:
667 4401 781 4441 uon
834 4340 1101 4443 insontes
1141 4394 1321 4443 erunt
1359 4387 1423 4441 in
1467 4384 1564 4441 clio
1604 4400 1855 4459 magna,
1921 4383 1961 4437 i.
2002 4400 2055 4437 e.
2098 4381 2163 4435 in
2204 4386 2465 4434 extremo
