2807 4913
1688 121 1702 152 Ι

379 277 532 363 332
909 273 919 286 '
1264 292 1394 360 Ρ..
1434 286 1555 376 50,
1608 287 1728 357 23.

373 486 538 556 petat
572 475 769 552 Deus,
821 475 1075 556 quidque
1110 484 1343 556 gratnm
1382 474 1475 534 illi
1514 474 1628 548 sit,
1676 476 1884 553 aperit.
1967 487 2208 539 7:37227
2253 477 2425 567 Πτῆη
2465 479 2590 559 Πζῖ

373 559 751 637 sacrificans
780 561 1008 620 laudem
1041 559 1358 619 honorabit
1386 577 1496 633 me,
1536 560 1691 638 qnod
1723 580 1899 648 supra
1927 560 2023 619 Vs.
2034 543 2176 623 ⁸1⁷4.
2181 542 2443 637 dixerat,
2484 565 2592 622 ubi

376 646 455 704 cf.
483 658 608 705 not.
692 656 933 739 ’Ἧι-τεῦ]
969 655 1060 703 est
1092 646 1150 702 3.
1178 663 1328 724 pers.
1356 643 1464 701 fut.
1491 646 1558 703 in
1585 644 1728 719 Piel,
1765 665 1802 704 a
1831 650 2006 706 verbo
2033 658 2197 736 722,
2235 645 2374 706 Nun
2411 666 2589 724 epen-

373 731 596 789 thetieo
626 711 820 788 auctas
826 712 963 788 ante
988 730 1242 789 adfixum
1269 740 1344 809 ⁵³:
1414 738 1545 815 Ἶᾊττ
1590 733 1712 826 ΕΨῚ
1745 730 1832 787 Et
1856 749 2089 811 ponens
2117 717 2296 805 fliam,
2334 733 2591 789 breviter
2626 739 2637 748 ⁸

375 812 617 889 (lictum,
658 833 764 892 pro
795 835 885 887 eo,
928 815 1081 893 quod
1104 817 1269 891 plene
1296 823 1416 872 est.
1462 791 1566 881 ἢειΞ
1610 796 1711 893 βξ
1731 819 2062 901 ἤεῆἾ-τικ
2099 822 2228 909 0227
2264 825 2329 873 et
2358 833 2590 895 ponens

374 901 534 956 viam
573 918 740 957 suam
777 916 962 977 super
997 917 1103 957 cor
1131 916 1320 973 suum,
1361 907 1430 956 ut
1460 882 1575 956 les.
1601 900 1705 974 41,
1724 883 1844 958 20.
1861 909 1932 959 ut
1960 878 2228 973 videant,
2269 909 2332 959 et
2359 901 2589 972 sciant,

378 989 598 1045 amin-⁴7
641 993 702 1040 et
737 992 981 1061 ponant
1018 1002 1190 1060 super
1232 1002 1367 1056 cor,
1422 991 1488 1039 ct
1527 942 1906 1061 intell'igant3
1961 986 2062 1043 sed
2102 987 2273 1061 plena
2309 985 2585 1061 loquutio
2610 1043 2633 1060 2

376 1050 853 1142 cmxi'semz
887 1072 942 1127 1.
983 1066 1199 1141 justus
1237 1070 1435 1147 perit,
1491 1062 1631 1130 ab·
1648 1064 1726 1135 ,²:9
1774 1073 1868 1157 ni?
1912 1071 2042 1152 725735
2077 1080 2219 1170 ΓΜ
2263 1078 2328 1127 ct
2366 1068 2581 1140 nuans,

377 1154 482 1231 qui
526 1162 724 1232 ponat
764 1171 945 1233 super
985 1170 1111 1212 cor.
1197 1148 1428 1209 Ponens
1471 1169 1613 1209 vero
1653 1170 1839 1233 super
1881 1174 1988 1212 cor
2026 1157 2183 1213 viam
2232 1171 2398 1213 suam
2448 1171 2587 1210 eum

376 1237 678 1317 designat,
737 1240 839 1315 qui
872 1237 1199 1295 considerat
1228 1237 1575 1317 diligenter,
1629 1257 1801 1314 quam
1835 1241 2202 1321 ingrediatur
2235 1241 2427 1311 viam,
2481 1238 2582 1294 vir

373 1325 612 1399 probus,
651 1325 752 1400 qui
778 1324 959 1381 vitam
989 1337 1153 1390 suam
1182 1322 1493 1395 prudenter
1519 1323 1801 1398 instituit,
1842 1343 1911 1382 ac
1938 1324 2241 1401 prospicit,
2269 1342 2341 1380 ne
2367 1329 2582 1399 peccet.

376 1402 469 1466 Cf.
517 1413 575 1463 et
619 1406 812 1488 Hagg.
852 1410 909 1480 1,
949 1405 1010 1467 5.
1100 1401 1573 1480 Observandum,
1627 1426 1759 1480 eos,
1817 1409 1919 1485 qui
1962 1406 2309 1466 Accentibus
2353 1416 2583 1464 textum

371 1487 679 1550 hebraeum
719 1490 1152 1563 distinxerunt,
1206 1510 1311 1562 eo,
1371 1487 1527 1568 quod
1571 1492 1827 1550 nomini
1822 1503 1970 1579 {37¹7
2015 1502 2313 1551 accentum
2349 1492 2582 1571 regium

369 1572 673 1647 Athnach,
710 1578 984 1650 majorem
1021 1576 1453 1634 distinctionem
1481 1572 1837 1650 efficientem,
1876 1556 2373 1651 subscripserunt,
2413 1575 2576 1632 indi-

369 1677 506 1718 care
533 1660 823 1733 voluisse,
864 1661 1042 1719 verba
1071 1669 1276 1717 nostra
1302 1660 1532 1718 ratione
1565 1660 1961 1718 distinctionis
1995 1664 2089 1720 vel
2121 1664 2207 1719 sic
2234 1679 2357 1718 esse
2390 1659 2580 1738 expli-

369 1744 589 1801 canda:
632 1743 994 1817 sacrificans
1035 1743 1264 1801 laudem
1303 1741 1624 1801 honorabit
1659 1763 1747 1801 me
1786 1754 1850 1803 et
1877 1764 2105 1824 ponem
2143 1747 2320 1818 viam,
2362 1763 2445 1805 sc.
2482 1762 2580 1801 me

366 1826 719 1903 honorabit3
781 1831 874 1886 vel
915 1838 1047 1917 :7⁸77
1095 1833 1188 1918 ni?
1236 1829 1497 1886 absolute
1539 1846 1662 1886 esse
1703 1832 1991 1902 positum,
2037 1830 2150 1888 hoc
2184 1832 2355 1889 modo
2388 1830 2577 1906 expli-

368 1912 649 1971 candum:
681 1921 1001 1993 ponentem
1039 1899 1197 1971 viam
1238 1913 1391 1991 quod
1427 1914 1640 1970 attinet
1680 1911 1891 1976 1:³wa
1926 1928 2086 2006 91:222
2132 1925 2332 1998 aete-m
2373 1923 2578 1971 osten-

369 1996 507 2054 dam
549 1998 609 2054 ci
646 1996 896 2055 salutem
936 1995 1091 2071 Dei,
1138 2000 1178 2057 i.
1209 2020 1259 2057 e.
1299 2017 1519 2071 meam,
1561 2007 1618 2056 et
1649 1979 1893 2076 quiden?
1908 1980 2223 2079 egregiam,
2261 1982 2425 2059 stilus
2458 1995 2584 2054 Des‘

370 2084 526 2142 enim
556 2092 646 2140 est
678 2101 799 2140 non
828 2079 1082 2141 humano
1121 2085 1365 2141 consilio
1410 2092 1512 2140 aut
1552 2102 1692 2180 ope,
1748 2084 1848 2142 sed
1887 2086 2086 2143 divina
2125 2083 2346 2143 virtut'e
2383 2092 2577 2161 parta,

365 2185 581 2248 magna
609 2176 669 2224 et
698 2170 873 2243 plane
907 2170 1154 2242 eximia,
1213 2169 1370 2249 quod
1395 2170 1548 2226 enim
1581 2187 1701 2227 non
1727 2167 1978 2228 humana
2004 2169 2072 2226 fit
2096 2166 2429 2243 industria,
2464 2173 2578 2223 aut

365 2253 568 2332 aliqua
598 2270 806 2326 causa,
859 2270 1005 2329 quae
1037 2252 1107 2309 ab
1138 2253 1371 2312 homine
1406 2254 1590 2328 possit
1627 2243 1991 2332 excogitari,
2046 2254 2108 2312 id
2146 2258 2349 2330 procul
2393 2252 2573 2311 dubio

361 2353 641 2420 magnum
682 2346 800 2409 est,
863 2347 920 2395 et
953 2338 1338 2395 admiratione
1368 2338 1630 2417 dignum.
1719 2335 2050 2397 ostendere
2092 2357 2232 2395 vero
2279 2337 2340 2395 id
2380 2341 2574 2414 ipsum

362 2430 474 2495 est,
515 2422 668 2499 quod
696 2420 1011 2502 praebere,
1051 2421 1351 2496 exhibere,
1396 2437 1467 2482 ut
1496 2422 1591 2481 Ps.
1621 2426 1684 2497 4,
1708 2424 1766 2483 6.
1812 2426 1913 2498 60,
1942 2429 2000 2487 5.
2046 2425 2148 2496 71,
2179 2424 2280 2481 20.
2352 2423 2574 2483 Sensus

361 2508 558 2583 itaque
576 2505 789 2564 Versus
815 2507 911 2565 hic
940 2509 1084 2566 erit:
1133 2510 1269 2565 talis
1299 2507 1495 2582 homo,
1539 2511 1639 2586 qui
1665 2519 1882 2568 rectam
1907 2529 1999 2569 me
2027 2509 2252 2567 colendi
2282 2511 2574 2567 rationem

364 2594 662 2668 sequitur,
718 2603 778 2651 et
813 2601 968 2649 recte
1006 2593 1246 2673 vivendi
1281 2595 1508 2652 rationi
1545 2612 1777 2669 operam
1818 2595 1956 2667 dat;
2007 2595 2060 2650 si
2095 2594 2160 2650 in
2202 2613 2272 2651 ea
2313 2592 2573 2670 pericula

362 2674 667 2750 inciderit,
724 2695 799 2734 ex
839 2677 1048 2754 quibus
1085 2679 1247 2735 nulla
1281 2680 1510 2736 ratione
1552 2680 1805 2736 eximere
1843 2697 1905 2736 se
1948 2680 2168 2755 possit,
2224 2687 2349 2735 tum
2397 2679 2575 2734 inex-

362 2773 681 2835 spectatam
722 2763 1188 2838 insperatamque
1223 2781 1385 2839 opem
1430 2764 1484 2818 ei
1523 2761 1793 2836 afferam,
1856 2763 1926 2821 cf.
1960 2762 2056 2820 Vs.
2082 2762 2176 2820 15.
2260 2761 2571 2838 Reliquum

362 2856 487 2921 est,
545 2859 612 2904 ut
658 2849 927 2905 lectionis
971 2849 1312 2905 varietatem
1357 2848 1513 2904 circa
1553 2851 1820 2906 voculam
1863 2853 1985 2941 nim
2023 2848 2569 2906 animadvertamus.

355 2929 432 2989 ln
474 2931 767 2991 codicibus
808 2929 1037 3008 quidem
1079 2931 1370 3008 plerisque
1423 2941 1482 2988 et
1524 2950 1700 2989 manu
1745 2913 1984 3009 script'is
2020 2939 2080 2989 et
2118 2934 2274 3009 typis
2315 2931 2573 2989 exaratis

359 3017 581 3096 legitur
622 3021 743 3107 ΒΨἾ
789 3013 930 3095 (per
957 3012 1139 3093 Sin),
1199 3016 1300 3072 sed
1335 3018 1399 3074 in
1434 3019 1566 3076 aliis
1599 3015 1751 3076 haud
1782 3020 1978 3095 paucis
2020 3016 2188 3095 (quos
2215 3016 2457 3074 Rossius
2494 3015 2573 3074 ad

359 3098 493 3158 h.1.
535 3081 936 3177 enumeravit)
984 3111 1178 3159 exstat
1216 3099 1308 3162 ῦιύ
1347 3101 1476 3206 ibi,
1534 3104 1707 3180 idque
1750 3105 1939 3179 ipsum
1978 3102 2265 3178 expressit
2308 3098 2570 3159 Graecus

354 3182 959 3247 Alexandrinarum}
994 3187 1116 3247 ἐκεῖ
1150 3170 1380 3268 6δόςῇ
1412 3181 1585 3265 δείξω
1623 3182 1793 3268 αὕτῷ
1830 3181 1900 3249 τὸ
1943 3180 2239 3267 σωτήριον
2281 3188 2460 3257 Θεοῦ,
2502 3191 2572 3241 et

355 3270 483 3329 illio
523 3273 663 3345 iter,
708 3291 820 3349 quo
867 3270 1175 3329 ostendam
1216 3273 1307 3331 illi
1348 3273 1620 3331 salutare
1658 3271 1813 3348 Dei,
1873 3283 1939 3331 ut
1966 3272 2254 3353 Vulgatus
2288 3271 2572 3342 reddidit,

356 3375 468 3417 nec
503 3374 622 3414 non
648 3357 872 3433 Syrus:
919 3355 1046 3414 illio
1089 3358 1392 3416 ostendam
1437 3361 1493 3417 ei
1529 3360 1687 3419 viam
1725 3359 1942 3417 salutis
1974 3356 2092 3414 Dei
2128 3359 2340 3415 nostri.
2403 3355 2568 3414 Hinc

352 3440 684 3501 Lutherus·
735 3442 860 3500 und
889 3441 1007 3500 das
1051 3443 1137 3500 ist
1177 3443 1283 3501 der
1333 3439 1520 3521 Weg,
1575 3443 1716 3502 dass
1758 3443 1854 3501 iclz
1897 3441 2014 3500 ihm
2053 3442 2226 3517 zeige
2267 3436 2382 3500 das
2419 3438 2576 3498 Heil

361 3523 602 3584 (ἕσασα.
669 3526 911 3600 Sensus,
939 3526 1050 3584 hac
1080 3537 1338 3586 assumta
1370 3530 1633 3602 lectione,
1656 3531 1802 3587 erit:
1843 3532 1894 3585 si
1927 3528 2074 3584 hanc
2103 3529 2258 3584 viam
2290 3527 2569 3599 tenuerit,

353 3608 468 3669 hoc
510 3611 621 3668 iter
660 3613 975 3686 institerit,
1028 3631 1098 3671 eo
1134 3614 1470 3689 perveniet,
1524 3623 1592 3670 ut
1624 3616 1865 3673 salutem
1900 3614 2195 3692 egregiam
2224 3613 2282 3668 ei
2310 3608 2568 3683 afferam.

355 3692 681 3754 Chaldaeus
720 3706 948 3768 tamen,
990 3699 1112 3773 qui
1124 3698 1342 3757 vertit:
1388 3699 1494 3774 qui
1528 3708 1755 3755 amovet
1793 3699 1949 3758 viam
1990 3695 2200 3755 malam
2219 3737 2236 3768 ,
2295 3714 2401 3753 nec
2445 3713 2570 3755 nou

350 3778 786 3883 Hieronymus.
848 3791 913 3839 et
956 3783 1061 3861 qui
1105 3782 1353 3841 ordinat
1392 3783 1586 3853 viam,
1645 3793 1816 3860 atque
1860 3779 2270 3860 Symmachus,
2333 3781 2435 3843 και
2475 3784 2570 3864 τῷ

351 3857 650 3940 εὐτάκτως
681 3858 979 3940 ὁδεύοντι,
1005 3870 1275 3949 legerunt
1299 3866 1456 3924 haud
1479 3868 1648 3925 dubie
1675 3873 1796 3928 nim
1829 3869 1954 3943 (per
1983 3864 2142 3939 Sin).
2196 3869 2358 3935 Quae
2390 3869 2569 3927 lectio

350 3950 620 4009 firmatur
663 3950 894 4012 Masora
950 3953 1181 4031 (qualis
1226 3953 1291 4009 in
1335 3951 1543 4009 Bibiiis
1592 3936 1926 4012 Rabbiiiiois
1966 3970 2002 4008 a
2042 3949 2348 4010 Buxtorfio
2392 3954 2570 4039 editis

352 4034 579 4112 exstat)
606 4048 726 4096 tam
749 4056 956 4117 parva
985 4038 1058 4096 ad
1081 4034 1367 4110 h.1.‚ubi
1396 4046 1635 4095 notatur
1664 4038 1849 4101 octies
1887 4039 2012 4126 ΒΨῚ
2042 4055 2366 4112 occurrere,
2395 4034 2569 4115 quam

353 4138 575 4198 magna
614 4124 688 4183 ad
724 4123 869 4195 Gen.
896 4126 1119 4197 3o,41.
1104 4163 1158 4196 .,
1207 4122 1309 4179 ubi
1353 4131 1486 4180 octo
1529 4125 1637 4180 illa
1672 4123 1834 4196 loca,
1880 4101 2086 4198 quibus
2130 4125 2251 4215 ΒΨἾ
2290 4125 2569 4197 occurrit,

349 4206 587 4286 singula
615 4217 1015 4278 recensentur,
1046 4209 1201 4264 inter
1229 4225 1376 4282 quae
1402 4217 1462 4264 et
1488 4217 1686 4266 noster
1711 4217 1964 4284 apparet.
2019 4205 2070 4264 E
2102 4217 2308 4265 contra
2334 4207 2571 4266 Masora

351 4308 567 4371 magna
598 4294 672 4353 ad
696 4293 845 4352 Gon.
872 4291 1092 4364 41,12.
1137 4288 1260 4353 nuh
1301 4289 1454 4367 (cum
1470 4285 1693 4370 Schin)
1731 4292 1873 4351 dicit
1900 4309 2203 4351 occurrere
2233 4293 2570 4373 quinquies,

354 4389 707 4460 enarratque
737 4379 901 4438 locos
934 4333 1170 4450 ibidem,
1192 4355 1280 4437 in
1310 4377 1521 4457 quibus
1554 4387 1754 4438 noster
1788 4395 1911 4438 non
1940 4386 2046 4463 est.
