2807 4913
808 260 940 334 Pe.
976 258 1096 352 49,
1135 263 1256 333 oo.
1284 276 1414 331 222.
1480 262 1611 345 Pa.
1645 254 1764 346 50,
1818 282 1878 327 ι,
2303 263 2460 345 323

218 437 572 512 benefaciat
631 438 747 510 tibi
805 460 914 506 cor
974 452 1137 511 tuum
1155 484 1177 518 ,
1248 443 1487 520 idest,
1526 442 1830 522 ¹hilariter
1878 453 2044 504 utere
2098 446 2271 524 bonis·
2293 431 2299 440 “
2324 451 2437 511 tibi

216 526 530 585 concessis.

389 634 490 691 20·
575 637 802 725 'inflat-3⁸
843 639 1122 715 ἾἿπ-Ἷξ
1165 640 1328 725 &52²3
1378 636 1593 706 Venice
1637 646 1831 698 tamen
1869 636 1955 696 ad
1988 643 2436 716 generationem

213 736 265 778 s.
292 715 722 777 habitatiohem
747 732 1020 800 patrum,
1066 740 1212 799 quae
1245 723 1471 799 phrasis
1501 724 1740 780 eundem
1770 741 2002 782 sensum
2029 723 2225 799 habet,
2263 748 2434 807 quem

211 804 352 865 illa:
413 802 617 880 colligi
665 804 749 863 ad
793 817 1046 886 patres,
1101 816 1205 866 aut
1245 808 1329 866 ad
1369 807 1659 888 populun
1712 825 1881 864 suum
1931 803 2141 887 (Num.
2175 812 2292 885 20,
2324 816 2429 873 24.

212 884 408 945 2Chr.
441 889 545 961 34,
576 886 737 965 28.)‚
775 890 888 950 hoc
921 901 1043 966 est,
1084 893 1273 965 mori,
1310 912 1447 951 nam
1479 892 1581 968 qui
1609 893 1894 963 moritur,
1937 895 2106 970 quasi
2136 896 2210 954 ad
2243 906 2433 959 totam

208 973 453 1047 stirpem
486 991 733 1052 suosque
764 980 1004 1052 maiores
1037 976 1465 1055 proficiscitur,
1506 976 1580 1034 ad
1613 995 1712 1034 eos
1742 976 2138 1052 coadunatur,
2182 998 2310 1039 cum
2341 986 2433 1045 eis

211 1065 637 1130 commoratur,
682 1060 753 1118 cf.
786 1061 933 1120 Gen.
960 1061 1174 1134 15,15.
1257 1061 1702 1140 ln'pronomine
1735 1059 1907 1118 affixo
1939 1063 2193 1120 nominis
2229 1068 2431 1157 7³17&ss

209 1143 469 1200 notanda
502 1145 765 1225 enallage
797 1147 1007 1204 tertiae
1038 1163 1316 1223 personae
1350 1165 1459 1223 pro
1495 1145 1782 1206 secunda:
1838 1147 2038 1205 venies
2081 1146 2164 1204 ad
2200 1134 2427 1211 coefum

192 1235 453 1304 patrum
482 1226 639 1300 ejus,
675 1249 804 1306 pro,
834 1241 1067 1289 tuorum
1110 1229 1248 1306 (vid.
1276 1232 1349 1290 ad
1374 1230 1474 1289 Ps.
1506 1232 1568 1302 2,
1594 1230 1695 1304 6.).
1770 1242 1980 1324 ’ἾΝᾞ
2019 1225 2103 1296 ΝΒ
2144 1244 2429 1320 ruffi-“¹2

205 1312 330 1372 ‘'s‘m
373 1309 495 1380 Qua·
539 1313 601 1369 in
632 1324 996 1394 perpetuum
1041 1334 1223 1393 usque
1269 1334 1385 1373 non
1428 1315 1635 1374 vident
1675 1313 1893 1386 lacem,
1967 1317 2071 1390 qui
2111 1334 2425 1394 numquam

203 1405 576 1456 revertentur
607 1399 680 1456 ad
711 1398 822 1458 hoc
850 1402 989 1459 solis
1021 1402 1234 1474 lumen,
1270 1401 1375 1462 sed
1403 1399 1700 1478 perpetuis
1730 1400 1986 1468 immersi
2008 1400 2203 1476 jacent
2231 1405 2426 1479 sepul-

205 1477 333 1537 chri
371 1490 431 1538 et
458 1482 821 1542 infernorum
850 1487 1120 1543 tenebris.
1313 1505 1318 1510 “

375 1591 477 1647 21.
564 1590 777 1651 Totius
807 1595 1081 1653 carminis
1110 1597 1387 1652 summam
1419 1593 1583 1653 brevi
1612 1594 1935 1666 sententia,
1985 1603 2260 1671 tanquam
2297 1596 2422 1672 epi-

202 1671 579 1749 phonemate‚
637 1681 1074 1755 complectitur,
1129 1692 1188 1736 et
1218 1681 1302 1736 ita
1340 1679 1601 1756 quidem,
1658 1687 1725 1735 ut
1761 1678 1965 1736 iisdem
2008 1676 2168 1752 fere,
2210 1680 2420 1756 quibus

201 1757 305 1816 Vs.
331 1761 425 1817 13.
463 1779 602 1817 usus
633 1761 856 1836 fuerat,
897 1766 1107 1821 iterum
1138 1772 1336 1821 utatur
1370 1765 1583 1835 verbis,
1625 1762 1912 1842 singulari
1941 1773 2133 1820 tamen
2166 1764 2419 1823 artificio

201 1846 379 1902 unius
403 1847 668 1903 literulae
698 1851 1083 1906 alternatione
1123 1846 1286 1933 (3³32
1322 1866 1428 1924 pro
1467 1842 1624 1935 3³22)
1664 1846 1728 1903 in
1759 1846 2048 1906 diversum
2086 1850 2255 1924 plane
2285 1864 2421 1906 sen-

200 1944 334 1986 sum
371 1928 643 1989 deflexis:
695 1930 887 1989 Homo
931 1933 995 1990 in
1029 1931 1250 1991 honore
1287 1933 1661 1990 constitutus
1705 1939 1768 1988 et
1810 1933 1915 2009 qui
1954 1950 2070 1989 non
2112 1931 2420 2009 intelligit,

201 2014 332 2086 vel,
391 2016 453 2072 si
498 2034 614 2074 non
665 2017 1003 2097 intelligat,
1069 2017 1285 2077 similis
1327 2026 1423 2074 est
1453 2015 1783 2089 jumentis,
1841 2035 1991 2093 quae
2032 2016 2423 2091 exciduntur,

199 2093 410 2171 homo,
466 2102 564 2157 cui
603 2103 916 2182 contigerit
955 2101 1194 2162 fortuna
1238 2102 1575 2180 splendida,
1630 2119 1739 2158 nec
1773 2101 1947 2158 simul
1984 2110 2147 2164 recto
2187 2102 2416 2178 judicio

199 2183 500 2258 praeditus
538 2184 739 2260 fuerit,
788 2186 940 2249 nihil
982 2187 1178 2247 differt
1214 2206 1254 2245 a
1293 2187 1624 2265 pecoribus.
2348 2181 2353 2204 ³

1160 2375 1209 2435 P
1225 2393 1282 2437 s.
1339 2372 1447 2433 50.

361 2477 786 2572 Argumentum
811 2491 986 2569 hujus
1017 2492 1236 2553 Psalmi
1266 2503 1356 2552 est
1385 2513 1462 2552 ex
1489 2510 1702 2574 genere
1733 2489 2052 2565 didactico,
2097 2509 2280 2570 grave
2314 2492 2415 2553 in·

195 2577 406 2651 primis
449 2587 508 2633 et
551 2576 948 2637 fructuosum:
1021 2577 1149 2639 Deo
1195 2580 1474 2637 nimirum
1517 2595 1637 2637 non
1693 2578 1919 2654 placere
1964 2576 2284 2650 sacrificia,
2352 2584 2415 2638 et

193 2669 472 2718 externos
504 2663 653 2719 ritus
688 2665 1026 2741 religionis,
1085 2662 1184 2722 sed
1218 2666 1501 2721 sinceram
1531 2663 1725 2738 potius
1755 2663 2063 2737 pietatem,
2102 2661 2415 2737 laudesque

196 2763 275 2802 ex
315 2755 488 2823 grato
529 2747 724 2803 animo
764 2745 1147 2823 profluentes,
1201 2767 1385 2825 neque
1414 2766 1554 2806 vero
1588 2745 1691 2802 has
1726 2746 1880 2821 ipsas
1907 2746 2146 2820 pietatis
2180 2745 2415 2824 signifi-

194 2830 454 2886 cationes
486 2833 610 2887 sine
634 2832 871 2904 justitia
899 2836 1219 2909 ceterisque
1250 2833 1586 2891 virtutibus.
1643 2830 1754 2901 lta,
1785 2840 2014 2905 praeter
2043 2829 2414 2908 magnificum

153 2932 162 2935 ·
192 2912 523 2986 exordium,
564 2933 679 2990 quo
712 2916 970 2994 dicendis
1004 2919 1381 2975 attentionem
1411 2925 1469 2973 et
1497 2918 1902 2973 auctoritatem
1936 2916 2230 2987 conciliat,
2266 2915 2412 2973 duas

191 2996 368 3055 habet
409 3010 639 3074 partes:
695 3002 883 3074 primo
927 3001 1055 3074 (Vs.
1099 3004 1136 3059 7
1153 2998 1391 3075 —15.)
1435 3003 1708 3078 arguitur
1756 3000 1944 3056 cultor
1985 3000 2117 3073 pius
2161 3000 2413 3075 quidem,

190 3084 293 3140 sed
320 3084 566 3162 ignarus
587 3093 646 3140 et
672 3088 1079 3160 superstitioni
1113 3087 1421 3157 obnoxius,
1458 3083 1668 3142 deinde
1695 3080 1818 3157 (Vs.
1844 3079 2156 3159 16-22.)
2182 3085 2412 3159 ,impro-

187 3168 302 3228 bus
333 3169 567 3243 pietatis
596 3169 923 3228 simulator.
1008 3170 1185 3229 Brevi
1211 3170 1440 3249 epilogo
1477 3165 1602 3248 (Vs.
1629 3165 1758 3243 23.)
1792 3168 2200 3241 complectitur
2222 3169 2411 3229 :totius

188 3253 467 3309 carminis
496 3272 774 3312 summam
803 3264 862 3312 et
892 3257 1364 3336 objurgationum
1395 3271 1538 3330 quas
1573 3254 1856 3326 continet,
1888 3252 2076 3311 finem.

357 3352 742 3412 Adventantis
783 3354 897 3414 Dei
937 3359 1001 3413 in
1042 3358 1295 3434 quinque
1334 3355 1627 3431 prioribus
1668 3355 1948 3411 carminis
1985 3353 2265 3411 Versibus
2308 3351 2411 3411 de-

186 3438 432 3514 scriptio
466 3455 699 3496 eausam
731 3443 935 3499 attulit
961 3441 1288 3518 aliquibus,
1335 3450 1403 3496 ut
1434 3438 1589 3496 hunc
1612 3437 1905 3495 Psalmum
1940 3447 2127 3496 totum
2159 3434 2409 3514 prophe-

182 3525 335 3579 tiam
365 3520 624 3579 facerent
657 3526 725 3582 de
749 3536 995 3583 venturo
1025 3525 1235 3583 Messia
1278 3525 1398 3598 (ita
1423 3521 1652 3581 Jarcbi:
1699 3523 1768 3580 do
1803 3521 2156 3582 liberatione
2180 3520 2407 3594 futuri

179 3608 463 3682 ,temporis
491 3608 893 3682 vaticinatur,
924 3621 983 3668 et
1011 3596 1283 3667 Kimchio
1315 3607 1413 3665 hic
1440 3607 1534 3665 Ps.
1566 3607 1638 3663 de
1666 3607 1764 3664 die
1786 3602 2020 3681 judicii
2051 3607 2116 3662 in
2147 3605 2410 3663 adventu

180 3691 542 3748 redemtoris
585 3694 866 3770 loquitur,
911 3696 1043 3752 coll.
1072 3688 1223 3752 Joel.
1252 3696 1316 3766 4,
1345 3694 1403 3750 2.
1439 3688 1588 3768 14),
1638 3693 1742 3767 qui
1779 3693 1848 3750 de
1888 3693 2115 3768 populis
2141 3689 2407 3747 Hebraeo

179 3776 440 3833 inimicis
465 3777 784 3834 vindictam
814 3781 893 3835 sit
919 3778 1232 3836 sumturus.
1304 3777 1422 3837 Sed
1450 3776 1662 3834 Versus
1695 3776 1790 3846 illi
1821 3776 2125 3834 exordium
2153 3783 2406 3845 tantum,

183 3861 283 3916 uti
316 3859 607 3933 diximus,
662 3861 920 3937 faciunt,
991 3882 1105 3940 quo
1146 3865 1407 3942 legentes
1449 3870 1511 3918 et
1552 3861 1857 3919 audientes
1901 3860 1975 3919 ad
2023 3860 2408 3919 attentionem

170 3945 444 4002 dicendis
484 3946 864 4021 praebendam
904 3950 1145 4006 excitat.

353 4040 584 4103 Primus
623 4046 720 4104 bic
759 4058 850 4105 est
882 4047 1147 4106 Psalmus
1185 4067 1259 4107 ex
1300 4050 1409 4121 iis,
1465 4048 1677 4126 quibus
1702 4043 1945 4127 Amphi
1983 4044 2404 4124 praescriptum

174 4123 272 4188 'est
301 4148 553 4202 nomen,
601 4133 671 4189 de
696 4131 909 4209 quibus
939 4133 1074 4193 vide
1103 4134 1375 4215 Prolegg.
1418 4150 1476 4207 p.
1503 4131 1568 4193 5.
2494 4131 2505 4147 ⁸

355 4248 411 4304 l.
495 4246 824 4307 Exordium
852 4251 1261 4331 magnificum,
1316 4270 1433 4329 quo
1461 4248 1652 4309 Deum
1684 4232 2018 4325 loquentem
2059 4243 2407 4320 inducturus

168 4339 348 4409 poeta
392 4350 524 4389 eum
562 4334 726 4391 sistit
745 4335 1102 4420 =universum
1142 4354 1326 4418 genus
1358 4332 1685 4475 humanui‘n‘
1707 4333 1937 4392 solenni
1962 4332 2154 4393 edicto
2185 4348 2406 4390 convo-

1690 4420 1734 4475 2
