2807 4913
1018 273 1139 338 Ρ..
1190 290 1301 360 19,
1349 272 1419 338 5.
1449 213 1532 336 e.
1821 287 1826 300 ‚
2240 271 2385 346 133

337 454 392 532 5.
470 453 543 513 Iu
578 454 933 533 explicandis
977 455 1171 514 verbis
1209 461 1337 541 021⁸?-
1369 464 1497 518 κᾶτ’
1539 450 1929 540 With-bna
1978 456 2390 520 difficultatem·

203 551 325 599 creat
347 559 463 598 voc.
497 550 607 628 75¹3,
636 541 792 617 quod
821 560 992 618 quum
1020 542 1210 616 primo
1227 522 1787 616 s'unem'quemliffet
1813 524 2106 621 si'gliificet
2138 540 2198 620 (a
2228 563 2369 601 con-

203 624 476 702 torquendo
498 664 517 694 ,
591 644 738 702 quae
785 628 951 683 notio
1003 625 1165 682 arab.
1208 637 1312 711 ’ψ
1371 619 1600 700 inest),
1652 626 1860 686 deiude
1910 631 2252 704 praesertim
2298 630 2386 686 de·

199 710 439 766 resticula
485 711 789 767 meresoria
841 719 1187 785 usurpetur,
1254 729 1402 786 quae
1453 701 1664 772 κανώἆ
1717 728 1924 788 graece
1985 712 2203 770 dicitur
2256 708 2365 790 (ut

198 792 279 851 les.
300 796 395 866 44,
433 795 529 855 13.
564 794 762 868 faber
799 794 1101 871 lignarius
1140 794 1424 853 extendit
1466 806 1541 878 ³12
1579 792 1998 874 resticulam),
2042 795 2101 854 h.
2134 798 2173 854 1.
2207 798 2368 875 figu-

199 890 287 936 rate
325 879 437 935 dici
482 896 718 936 necesse
752 891 872 946 est;
929 880 1029 937 sed
1058 896 1172 954 quo
1214 897 1420 951 sensu,
1464 881 1829 948 dissentiunt⁴
1855 882 2108 956 interpp.
2190 880 2384 939 Chal--

204 963 358 1020 dicus:
414 966 474 1020 iu
528 982 757 1021 omnem
808 973 1036 1022 terram
1095 966 1225 1021 erit
1283 965 1558 1021 extensio
1612 981 1812 1023 rerum
1866 965 2169 1041 ipsorum,
2225 968 2267 1024 i.
2312 985 2363 1024 e.

204 1067 450 1123 corporum
480 1051 852 1120 coelestium,
893 1049 1050 1123 quod
1077 1041 1284 1106 Jarchi
1314 1050 1401 1105 sic
1433 1051 1719 1125 explicatt
1762 1088 1803 1119 ‚‚
1823 1046 2009 1106 Linea
2051 1050 2365 1123 coelorum,

201 1131 237 1189 hi
266 1134 397 1191 enim
441 1136 678 1190 extensi
713 1143 850 1190 sunt
891 1151 1064 1208 super
1104 1140 1291 1207 totam
1329 1141 1582 1205 terram,
1640 1142 1701 1190 et
1730 1131 1870 1191 hinc
1903 1136 1967 1191 in
1998 1134 2142 1194 fines
2171 1147 2364 1193 terrae

197 1228 357 1275 exeunt
382 1219 566 1276 verba
590 1237 792 1275 eorum
840 1214 937 1297 (ut
965 1220 1028 1278 in
1057 1218 1241 1274 altero
1273 1217 1505 1275 hemist.
1535 1216 1812 1290 dicitur),
1855 1222 2131 1297 quoniam
2162 1237 2362 1278 omnes

192 1298 459 1377 loquuntur
500 1302 574 1360 de
606 1304 777 1361 rebus
810 1303 1128 1375 mirandis,
1186 1321 1332 1380 quae
1361 1302 1624 1374 videntf‘
1707 1303 1870 1369 Quae
1905 1303 2137 1380 quidem
2176 1305 2364 1361 inter-

188 1389 391 1461 pretatio
423 1395 482 1444 et
513 1389 774 1444 nominis
809 1400 885 1474 'np-
909 1389 1077 1461 usui,
1121 1399 1180 1443 et
1208 1389 1332 1459 rei,
1375 1387 1445 1444 de
1478 1395 1591 1462 qua
1621 1390 1852 1467 agitur,
1891 1389 1977 1446 ita
2006 1390 2360 1456 conveniens

187 1470 519 1544 videtur,‘ut
561 1491 672 1529 nos
715 1474 780 1530 in
818 1491 888 1529 ea
929 1473 1303 1548 acquiescere
1327 1471 1483 1529 haud
1524 1472 1870 1530 dubitemus.
1952 1473 2074 1530 Alii
2113 1484 2191 1557 'ep-
2229 1471 2287 1529 h.
2315 1474 2360 1549 l.

182 1553 418 1611 chordam
468 1566 679 1614 notare
725 1557 964 1629 volunt,
1031 1566 1090 1613 et
1137 1572 1242 1629 per
1285 1558 1698 1632 metonymiam
1740 1574 1981 1629 sonum,
2037 1574 2208 1636 quem
2253 1557 2360 1612 illa

181 1638 370 1713 reddit,
422 1659 555 1698 cum
613 1639 983 1713 extenditur3
1057 1641 1212 1717 quod
1261 1643 1450 1717 ipsum
1505 1642 1756 1718 interpp.
1801 1644 2034 1718 antiqui
2083 1640 2383 1726 ridentur

180 1735 445 1798 spectasse,
484 1744 534 1781 e.
566 1748 628 1807 g.
658 1728 843 1798 Alex„
881 1726 984 1804 qui
1008 1728 1234 1803 posuit:
1275 1722 1306 1786 ὁ
1342 1718 1617 1804 φθόγγος
1652 1723 1871 1798 αὐτῶν,
1911 1745 2089 1785 sonus
2119 1742 2354 1797 eorum,-

183 1810 305 1883 quod
332 1811 594 1887 sequitur
618 1810 873 1884 Paulus,
926 1809 1093 1868 Rom.
1127 1811 1226 1881 lo,
1263 1813 1390 1884 18.‚
1440 1812 1542 1870 ubi
1583 1811 1739 1869 hunc
1767 1809 1865 1869 Vs.
1899 1812 2215 1891 allegorice
2256 1827 2356 1865 ac-

181 1895 465 1952 commodat
507 1896 584 1953 ad
637 1898 926 1975 evangelii
966 1912 1071 1969 per
1108 1897 1443 1954 universum
1491 1896 1686 1953 orbem
1728 1898 2225 1976 propagationem.
2267 1922 2355 1938 --

184 1977 305 2044 Quia
342 1999 476 2038 vero
524 1982 749 2039 nullum
789 1999 970 2056 aeque
1008 1980 1204 2052 sidus,
1268 1991 1339 2037 ut
1379 1980 1538 2040 Solis
1577 1981 1788 2055 jubar,
1842 1979 1956 2037 Dei
1997 1982 2355 2053 majestatem
2403 1979 2420 1990 '

182 2071 485 2137 attestatum
544 2066 617 2122 de
667 2064 807 2123 Sole
855 2066 1224 2143 peculiariter
1269 2065 1537 2139 subjicit:
1602 2071 1736 2151 0¹3².
1793 2061 2092 2152 bezet-2:⁴59
2148 2058 2358 2147 τύυῖζρξ

184 2142 287 2201 Soli
314 2151 520 2226 posuit
559 2148 1003 2208 tabernaculum
1046 2151 1109 2206 in
1154 2148 1276 2206 illie
1319 2152 1515 2206 coelis.
1595 2148 1686 2206 Eo
1717 2167 1855 2207 vero
1895 2152 2183 2205 rationem
2218 2141 2353 2204 re'd-

183 2227 302 2287 didit
326 2236 459 2308 ejus,
503 2234 662 2310 quod
692 2234 761 2291 de
792 2235 971 2296 coelis
1008 2235 1240 2308 cecinit,
1284 2235 1459 2310 quod,
1500 2242 1558 2290 et
1588 2236 1639 2290 si
1671 2232 1822 2289 nihil
1852 2234 2165 2306 loquantur
2188 2250 2352 2287 more

182 2311 425 2391 humano,
470 2322 534 2375 in
581 2321 740 2376 omni
787 2328 980 2375 tamen
1022 2327 1180 2375 terra
1220 2319 1399 2375 multo
1436 2320 1897 2395 praeclarissime
1929 2314 2045 2373 Dei
2073 2319 2351 2373 virtutem

182 2408 226 2454 et
261 2404 587 2478 sapientiam
631 2403 1053 2480 depraedicant.
1146 2401 1424 2462 Tentorio
1468 2403 1762 2461 indicatur
1807 2410 2156 2459 nocturnum
2205 2399 2349 2456 solis

183 2479 531 2562 domicilium,
595 2491 654 2545 in
696 2508 809 2565 quo
858 2491 1108 2564 quietem
1152 2491 1316 2564 quasi
1359 2508 1563 2566 capere
1604 2490 1872 2547 videatur
1916 2484 2070 2560 (coll.
2104 2484 2203 2542 Vs.
2241 2483 2348 2557 6.).
2425 2554 2428 2561 a

179 2565 356 2627 Eadem
380 2575 636 2654 imagine
665 2591 803 2630 usus
832 2573 1107 2630 Habacuc
1148 2575 1210 2647 3,
1252 2576 1383 2647 ll.,
1437 2574 1538 2632 ubi
1578 2568 1717 2665 ban}
1750 2571 1955 2644 sedes,
1993 2570 2146 2657 idem
2177 2570 2349 2655 plane

182 2662 274 2720 est,
313 2659 455 2732 quod
488 2658 587 2716 hic
618 2654 786 2735 bnis,
833 2659 1178 2733 denotatque
1204 2661 1392 2715 locum
1423 2660 1622 2729 illum,
1664 2659 1725 2713 in
1758 2676 1924 2733 quem
1956 2656 2220 2713 occidens
2257 2654 2349 2710 sol

182 2734 474 2801 descendere
505 2736 931 2818 atque'intrare
959 2742 1225 2821 fingitur,
1258 2753 1345 2814 ut,
1375 2753 1546 2800 nocte
1579 2739 1788 2799 ibidem
1814 2749 2069 2816 peracta,
2106 2738 2347 2814 prodeat

185 2820 383 2898 iterum,
426 2824 661 2885 cursufu
695 2827 881 2883 denuo
913 2836 1281 2902 peracturus:
1340 2830 1482 2886 trita
1515 2836 1613 2885 >est
1647 2823 2370 2894 Hebraeorumsformula,

182 2922 268 2979 qua
304 2914 381 2967 sol
421 2914 690 2970 occidens
731 2913 942 2969 dicitur
995 2913 1109 2973 &³12
1149 2913 1421 2986 intrare,
1484 2914 1676 2969 oriens
1722 2921 1868 2988 nm}
1903 2908 2093 2965 exie-e.
2176 2907 2344 2964 Alex.

180 2995 346 3052 vertit:
391 2996 454 3058 ἐν
493 2998 584 3077 τῷ
625 2986 774 3076 ἡλίῳ
817 2996 1008 3057 ἔθετο
1050 2993 1117 3056 τὸ
1163 2994 1436 3075 ‹ruffi-oica
1477 2990 1681 3064 αὐτοῦ,
1724 2994 1790 3065 in
1829 2993 1947 3051 sole
1988 2992 2203 3070 poenit
2250 2998 2348 3047 ta-

182 3070 507 3140 bernaculum
548 3101 747 3159 suum,
783 3084 826 3139 i.
856 3101 904 3138 e.
938 3090 1102 3138 tanta
1127 3085 1238 3138 soli
1271 3085 1425 3139 inest
1452 3083 1740 3156 majestas,
1783 3088 1850 3135 ut
1882 3077 2148 3135 videatur
2178 3077 2240 3132 in
2273 3093 2345 3130 eo

183 3153 305 3218 Deus
341 3178 624 3226 suummet
666 3167 1035 3224 constituisse
1075 3166 1529 3224 tabernaculum.
1613 3163 1731 3222 Sed
1773 3165 1948 3241 longe
1990 3159 2346 3219 commodior

183 3246 339 3306 sensus
367 3254 564 3328 prodit
598 3272 675 3311 ex
705 3272 794 3326 eo,
838 3250 992 3330 quod
1023 3269 1132 3310 nos
1166 3252 1230 3308 in
1259 3249 1440 3315 Codd.
1469 3250 1658 3312 hebrr.
1688 3250 1951 3329 legimus.

313 3421 365 3477 6.
397 3425 458 3481 7.
543 3424 758 3500 'marm
806 3424 933 3501 κλῇ
977 3429 1147 3504 '3an
1176 3419 1408 3483 Similis
1448 3430 1542 3480 est
1584 3436 1821 3500 sponso,
1864 3418 1967 3496 qui
2007 3410 2339 3507 elthalamo

186 3512 262 3556 tuo
304 3509 616 3582 procedit,
638 3492 664 3512 τ
690 3490 1165 3583 ᾗιῖεηιαᾱιηοῖίιῖιίι
1221 3502 1702 3583 splendidissimis
1757 3512 2028 3584 ornatum
2083 3498 2342 3558 vestibus

188 3588 318 3644 amici
340 3593 802 3672 progredientem
845 3612 877 3649 e
920 3592 1097 3649 cubili
1137 3610 1412 3667 sponsum
1442 3591 1655 3651 hilares
1694 3598 1755 3645 et
1786 3579 2201 3668 gratulabundi
2235 3598 2341 3638 ex-

187 3669 358 3744 cipiunt
383 3672 480 3755 (cf.
509 3676 601 3736 Jo.
620 3679 680 3749 3,
700 3674 849 3754 29.)‚
881 3685 939 3733 et
968 3679 1305 3752 nuptiarum
1333 3676 1541 3733 festum
1573 3674 1883 3750 incipitur3
1924 3674 2009 3727 sie
2040 3668 2341 3726 exoriente

192 3756 291 3827 tole,
321 3768 374 3815 et
397 3780 564 3821 mane
597 3780 661 3819 os
694 3780 931 3818 aureum
963 3761 1091 3817 orbi
1120 3760 1472 3836 proferente,
1503 3777 1699 3835 omnes
1729 3759 2060 3827 laetantur,
2081 3748 2342 3809 universi

194 3837 302 3897 orbis
324 3841 489 3903 facies
514 3838 727 3904 mirum
755 3849 816 3902 in
848 3845 1081 3905 modum
1105 3852 1407 3902 recreatur
1437 3854 1495 3902 et
1523 3845 1681 3902 velut
1714 3845 2049 3899 innovatur.
2090 3834 2338 3892 Videtur

197 3932 335 3984 autem
361 3948 490 3988 vere
518 3930 815 4007 pulchrior
844 3939 901 3986 et
933 3929 1152 3986 clarior
1179 3928 1597 4005 quodammodo
1628 3928 1717 3983 sol
1747 3927 1810 3983 in
1841 3934 2007 3990 οπως
2051 3938 2149 3977 seu
2182 3913 2338 4015 (1¹de

194 4022 242 4062 εὶ
278 4011 569 4074 intervallo
610 4018 800 4074 noctis
845 4013 1158 4087 jucundius
1214 4013 1566 4089 adspicitur3
1635 4029 1737 4068 seu
1790 4008 1944 4085 quod
1992 4006 2181 4082 caligo
2232 4001 2340 4056 illa

193 4096 354 4169 ¹¹⁰0tis,
393 4119 518 4158 cum
544 4102 688 4159 solis
715 4099 896 4156 radiis
927 4098 1288 4173 dispellitur,
1313 4117 1405 4157 ,ex
1432 4101 1557 4173 ipsa
1583 4097 1732 4153 lucis
1760 4092 2001 4150 orientis
2034 4103 2338 4162 compara-

193 4172 311 4236 tione
336 4182 583 4243 decorem
616 4187 703 4242 illi
732 4185 981 4258 adjicere
1009 4183 1294 4240 videatur.
1364 4182 1481 4241 Sed
1508 4181 1760 4239 fortasse
1788 4193 1998 4252 sponso
2027 4169 2338 4247 prodeunti

192 4274 285 4317 eam
318 4267 387 4324 ob'
415 4286 644 4328 causam
682 4278 854 4344 poeta
891 4275 1184 4343 comparat
1213 4265 1395 4324 solem
1424 4268 1740 4333 orientem,
1795 4263 1933 4336 quia
1962 4261 2115 4345 inter
2147 4264 2338 4314 cetera

191 4356 472 4411 ornamenta
499 4373 723 4413 coe-oua
754 4353 951 4432 sponsi
986 4352 1295 4409 utebantur
1338 4351 1440 4431 (ef.
1471 4349 1634 4407 Cant.
1671 4349 1732 4418 3,
1766 4342 1913 4423 ll.).
2001 4343 2337 4401 solantem
