2807 4913
431 304 581 386 146
750 351 753 354 -
1030 351 1035 356 -
1149 317 1156 325 ’
1223 309 1349 386 Pe.
1395 326 1518 399 αα,
1571 287 1873 371 8-ιὸ,

700 511 701 516 ’
758 488 824 578 ·’ξ
863 479 1070 577 Ἀπ’δξξζ
1088 473 1281 557 'RH‘-
1291 487 1377 559 ΒΞ
1407 489 1760 569 Quicunque
1786 506 1877 547 me
1906 486 2260 568 adspiciunt
2285 484 2442 565 (non
2471 489 2671 548 solum

441 496 822 643 contemnunt
851 581 963 650 me,
973 564 1101 640 Vs.
1133 583 1215 651 7.,
1261 562 1382 636 sed
1394 579 1550 656 quod
1575 573 1866 646 acerbius,
1903 574 2107 648 etiam)
2150 571 2523 631 subsannant
2555 592 2671 633 me.

447 665 559 759 :32²2
587 684 779 752 propr.
819 654 1112 723 balbutire
1139 660 1289 740 Ues.
1322 665 1427 736 28,
1462 656 1602 740 11.),
1643 660 1781 718 hinc
1813 658 2205 731 subsannare,
2252 658 2431 717 Prov.
2467 661 2523 732 1,
2555 659 2668 718 26.

444 738 559 813 Ps.
562 755 641 821 2
665 753 747 823 4.,
790 749 942 825 quod
979 752 1079 825 qui
1113 750 1292 807 alicui
1333 749 1548 820 illudit,
1592 744 1861 820 barbara,
1897 745 2113 816 blaesa,
2150 744 2586 816 balbutientia,
2605 755 2669 802 et

410 839 594 915 quae
632 835 887 912 intelligi
920 843 1246 910 nequeunt,
1294 832 1606 906 respondet
1638 838 1742 888 aut
1779 829 2058 886 occlamat
2086 827 2422 886 inconditos
2455 846 2665 891 sonus.

446 926 639 982 nain:
684 928 921 1010 ἾἾἾΩΒῙ
949 917 1207 976 Hiatum
1235 917 1502 991 faciunt
1543 914 1731 987 labio,
1779 914 2061 971 diducunt
2090 912 2282 984 labia,
2322 930 2485 968 more
2521 915 2672 971 irri-

443 990 720 1063 defititim.
806 983 961 1060 Sdit
1002 1006 1102 1079 qui
1147 1013 1280 1080 post
1322 1012 1549 1065 ’1ῆῖυεῖ
1588 1000 1942 1059 subaudiant
1984 997 2138 1079 Βῖξτύ
2183 996 2422 1069 dentes,
2482 995 2539 1054 h.
2581 1015 2667 1055 s.-

443 1094 739 1147 exserunt
782 1086 984 1145 dentes
1017 1108 1139 1169 per
1177 1089 1369 1160 labia,
1425 1088 1580 1163 quod
1616 1094 1705 1141 est
1740 1065 2090 1141 ridentium.
2163 1082 2449 1138 Similiter
2497 1084 2666 1141 arab.

442 1182 587 1235 *700
637 1180 735 1230 est
764 1170 1040 1246 findere,
1093 1173 1299 1230 deinde
1341 1172 1547 1230 dentes
1589 1185 1887 1228 exserere.
1967 1166 2140 1242 Syris
2188 1168 2363 1221 etiam
2410 1174 2549 1227 *mn
2599 1169 2670 1224 in

312 1295 317 1298 ,
417 1255 609 1338 ¹conj.
640 1254 835 1334 Aplwl
874 1256 1075 1335 signif.
1119 1258 1322 1314 irrisit
1360 1255 1652 1315 labiorum
1692 1262 1891 1330 gestu,
1935 1250 2348 1308 subsannavit.
2435 1249 2667 1310 Similis

442 1342 813 1399 irridentium
853 1344 1051 1398 vultus
1099 1341 1454 1400 describitur
1494 1340 1585 1397 Ps.
1630 1339 1743 1411 35,
1785 1339 1885 1394 21.
1945 1335 2071 1394 Job.
2111 1335 2223 1406 16,
2259 1337 2358 1394 ll.
2447 1335 2664 1394 Addit.

443 1426 585 1487 &ei-¹
625 1419 784 1484 ³5³³&
824 1427 1112 1482 motitant
1151 1434 1373 1503 caput,
1433 1427 1643 1502 quibus
1690 1424 1881 1481 verbis
1921 1439 2043 1477 non
2090 1420 2431 1497 designatur
2475 1422 2666 1479 motio

442 1511 651 1585 capitis
681 1491 766 1565 ad
761 1490 938 1565 'latus
971 1520 1315 1586 utrumque,
1357 1529 1504 1586 quae
1538 1509 1846 1567 abnuentis
1878 1516 1999 1578 est,
2048 1506 2352 1585 negantis,
2400 1515 2502 1561 aut
2536 1505 2666 1562 dis-

441 1595 775 1671 plicentiam
804 1596 1093 1665 testantis,
1126 1593 1228 1651 sed
1255 1613 1360 1667 ea,
1374 1609 1521 1670 quae
1548 1594 1616 1656 fit
1644 1603 1996 1660 antrorsum,
2026 1601 2197 1665 atque
2228 1607 2459 1646 sursum
2489 1590 2665 1647 deor-

378 1731 381 1736 .
441 1696 715 1754 sumque,
770 1685 901 1747 τοῖς
933 1672 1433 1759 ἐπιχαιρεκάκοις,
1490 1688 1550 1736 et
1594 1680 1659 1734 in
1699 1678 1831 1733 sinu
1872 1674 2261 1753 gaudentibus
2296 1684 2384 1730 est
2418 1675 2664 1746 usitata,

440 1772 701 1820 mentum
744 1762 820 1818 ad
859 1773 1058 1837 pectus
1098 1763 1222 1844 fere
1265 1762 1644 1839 applicando,
1699 1779 1841 1817 mox
1883 1766 2022 1816 vero
2062 1777 2294 1815 rursum
2335 1759 2661 1816 attollendo

441 1846 698 1903 erebrius
736 1864 866 1902 cum
899 1848 1044 1904 risu.
1128 1845 1214 1905 Cf.
1254 1847 1456 1927 2Reg.
1491 1848 1589 1921 19,
1616 1848 1716 1904 21.
1762 1844 1860 1906 Ps.
1891 1844 2033 1916 109,
2063 1842 2163 1900 25.
2209 1842 2426 1900 'lhren.
2456 1844 2519 1915 2,
2554 1841 2660 1902 15.

439 1927 648 1989 Matth.
683 1927 786 2003 27,
820 1929 926 1993 39.
1068 1959 1078 1992 ι
1619 1975 1622 1986 .

611 2059 673 2116 9.
757 2054 1059 2119 Fiduciam
1103 2079 1363 2139 quoque,
1421 2078 1593 2139 quam
1625 2056 1692 2118 in
1719 2068 1820 2115 tuo
1857 2053 2085 2113 auxilio
2118 2052 2334 2130 posui,
2377 2067 2659 2130 tanquam

439 2161 651 2201 vanam
704 2164 942 2223 prorsus
980 2155 1060 2204 et
1113 2149 1342 2205 irritam
1401 2148 1683 2205 derident.
1770 2145 1921 2202 Ante
1979 2140 2156 2198 verba
2204 2135 2527 2201 ΓιῆΠ“·’·’Ν
2587 2137 2657 2203 :3

441 2222 690 2324 ΞΙΓΙΕΞἙἿΨ
726 2230 964 2288 subaud
994 2227 1173 2309 Ἶῖῦδτξ)
1213 2232 1494 2305 dicendo,
1547 2232 1640 2290 vel
1677 2217 2230 2301 Particip.l=**172&‚
2275 2234 2341 2280 ut
2376 2224 2464 2280 Ps.
2498 2204 2562 2297 2,
2596 2226 2657 2280 3.

441 2294 690 2386 (30114,
712 2314 771 2372 8.
814 2314 989 2373 Prov.
1019 2318 1080 2387 6,
1116 2298 1217 2376 lb.
1253 2319 1331 2374 al.
1422 2314 1488 2380 bs]
1509 2312 1628 2396 (a
1648 2309 1756 2399 ⁷:22³
1788 2310 2004 2382 volvit,
2055 2290 2350 2383 ἀεῦοῑυίί)
2395 2310 2656 2409 plerique

437 2407 593 2455 recte
619 2395 833 2458 habent
865 2419 971 2475 pro
999 2396 1342 2476 Infinitive,
1377 2402 1448 2459 ad
1484 2419 1650 2479 quem
1679 2380 1917 2454 verbum
1947 2396 2179 2453 finitum
2212 2394 2292 2448 sit
2314 2371 2656 2471 intelligen-

440 2483 598 2553 dum,
636 2486 827 2559 qualis
858 2486 1115 2542 breviata
1141 2486 1370 2544 dicendi
1402 2488 1654 2544 formula
1685 2483 1834 2557 apud
1859 2480 2068 2538 Hebrr.
2094 2479 2348 2535 maxime
2378 2476 2653 2552 frequens

436 2574 526 2623 est
569 2562 714 2646 (vid.
751 2566 848 2624 Vs.
880 2566 1002 2668 2.),
1047 2579 1116 2626 ut
1143 2571 1310 2645 plene
1338 2570 1643 2629 dicendum
1672 2566 1912 2623 fuisset:
1955 2562 2056 2648 ³:5⁸2
2104 2560 2174 2626 ξεῖ
2219 2561 2492 2617 volvendo
2525 2561 2655 2618 vol-

431 2657 544 2708 vat
586 2654 712 2710 scil.
743 2655 904 2713 ῚΞΗἿ
938 2655 1095 2710 viam
1131 2672 1301 2712 suam
1345 2674 1403 2711 s.
1426 2663 1618 2744 ’μετ’-Γπ
1657 2651 1788 2708 vias
1832 2664 1974 2706 suas
2020 2650 2187 2728 (coll.
2216 2643 2374 2703 infra
2404 2647 2506 2716 37,
2540 2643 2653 2723 5.),

433 2735 526 2793 vel
575 2738 775 2825 ἾἿΨΨΞ
816 2719 990 2796 Prov.
1040 2741 1148 2811 16,
1179 2740 1273 2812 3.,
1334 2740 1372 2796 i.
1412 2760 1461 2797 e.
1502 2719 1679 2797 Jovae
1725 2754 1830 2792 sua
1868 2734 2208 2790 committat.
2296 2742 2364 2789 *z
2412 2726 2692 2812 7373'232*

435 2819 503 2879 ‘'lt-2
546 2826 689 2909 Ver!
713 2802 946 2879 liberet
985 2841 1147 2896 eum,
1192 2842 1328 2882 nam
1371 2824 1703 2882 delectatur
1740 2837 1829 2876 ee.
1913 2828 2052 2904 γει-π
2092 2826 2281 2893 potest
2310 2814 2403 2872 vel
2432 2814 2506 2870 ad
2537 2816 2655 2869 mi-

436 2919 656 2978 serum,
684 2908 847 2980 eujus
880 2910 1271 2983 querimonias
1297 2909 1392 2968 Ps.
1421 2909 1702 2979 continet,
1738 2906 1948 2981 quique
1974 2902 2138 2974 Jova,
2171 2912 2448 2979 tanquam
2478 2918 2651 2975 prae-

435 2989 589 3044 sidio
631 3008 774 3061 suo,
818 2992 1137 3052 delectetur
1179 2989 1418 3071 (01:91,
1451 2986 1619 3070 14.),
1679 2991 1770 3049 vel
1808 2989 1881 3046 ad
1916 2985 2145 3058 Jovam,
2190 2989 2292 3064 qui
2333 2985 2652 3042 delectetur

379 3072 386 3085 “
429 3069 667 3147 afflicto,
711 3075 1224 3134 observantissimo
1259 3083 1353 3136 sui
1383 3081 1626 3150 cultore,
1670 3074 1892 3133 referri.
1975 3071 2273 3129 Posterius
2312 3067 2651 3147 praeferen-

431 3154 569 3215 dum
612 3160 685 3217 ob
733 3160 951 3218 similes
990 3163 1149 3219 locos
1194 3181 1372 3236 supra
1422 3165 1531 3235 1.,8
1564 3165 1668 3223 20.
1714 3171 1773 3220 et
1816 3158 1971 3214 infra
2000 3157 2115 3229 41,
2156 3158 2255 3214 12.
2338 3153 2393 3210 Α
2434 3151 2650 3230 quibus

407 3243 620 3300 ‘verbis
652 3264 828 3321 quum
853 3264 1058 3321 parum
1089 3259 1190 3304 aut
1224 3246 1374 3305 nihil
1407 3247 1676 3304 differant
1705 3247 1826 3316 illa,
1871 3241 2078 3319 quibus
2121 3239 2352 3315 (Mattb.
2380 3240 2484 3308 27,
2514 3234 2650 3308 43.)

428 3327 711 3386 scelerati
742 3329 1046 3406 pontifices
1089 3341 1150 3388 et
1188 3343 1485 3391 senatores
1513 3332 1806 3390 illuserint
1834 3330 2004 3401 Jesu,
2057 3346 2089 3382 e
2128 3345 2296 3383 eruce
2336 3321 2652 3401 pendenti.

421 3411 738 3476 πέποιθεν
776 3415 826 3474 ἐ.
857 3410 972 3476 τὸν
1002 3412 1173 3490 θεὸν,
1216 3418 1351 3496 ῥυσ.
1385 3415 1495 3479 νῦν
1528 3411 1676 3486 αὕτη
1719 3416 1774 3476 εἰ
1805 3409 1939 3476 θέλ.
1972 3409 2125 3484 aba,
2170 3409 2488 3467 communis
2518 3404 2651 3462 fere

423 3495 497 3552 ab
543 3500 965 3575 antiquissimis
1007 3500 1142 3561 inde
1173 3502 1539 3603 temporibus
1585 3495 1965 3576 interpretum
2013 3496 2466 3554 christianorum
2513 3498 2647 3547 erat

420 3581 645 3655 opinio,
670 3588 1054 3665 praesagisse,
1091 3590 1191 3664 qui
1222 3586 1378 3644 hunc
1403 3587 1498 3645 Ps.
1529 3585 1752 3659 effudit,
1781 3584 1877 3642 hie
1908 3582 2153 3642 Messiae
2183 3579 2555 3638 vexationem
2586 3582 2649 3630 et

419 3670 820 3727 contumelias.
881 3670 1055 3737 Quod
1095 3682 1289 3730 tamen
1330 3673 1457 3729 sine
1493 3671 1702 3729 idoneo
1738 3677 2080 3750 argumento
2114 3667 2383 3725 sumitur·

482 3784 486 3793 ’
593 3794 692 3871 10.
777 3793 1050 3853 Animum
1085 3794 1265 3877 erigit
1303 3815 1403 3875 spe
1444 3808 1504 3856 et
1536 3797 1749 3856 fiducia
1784 3797 1845 3855 in
1877 3787 2096 3856 virtute
2127 3794 2315 3873 ipsius
2345 3792 2504 3851 illius
2534 3785 2646 3849 Jo-

415 3893 545 3949 vae,
587 3868 689 3955 qui
717 3882 909 3952 ipsum
940 3882 1004 3938 in
1036 3879 1193 3940 hunc
1223 3886 1503 3941 mundum
1534 3876 1895 3959 produxerit,
1940 3895 1998 3942 et
2026 3881 2320 3958 hucusque
2349 3888 2647 3937 sustenta-

412 3962 583 4019 verit.
668 3974 840 4053 ’μᾷ-ῆς
884 3966 988 4046 ·ἠᾱ
1033 3975 1184 4030 rvr-m
1223 3978 1294 4026 ἐ)
1334 3965 1488 4025 Nam
1532 3978 1598 4025 tu
1642 3968 1698 4024 is
1740 3986 1839 4039 es,
1898 3968 2003 4045 qui
2038 3985 2128 4022 me
2172 3964 2521 4024 extraxisti
2559 3982 2644 4021 ex

412 4053 607 4103 utero.
693 4030 870 4105 Verbi
913 4059 1017 4113 ΓτἹ-ἰ
1063 4069 1108 4107 s.
1153 4062 1260 4112 wa
1303 4055 1470 4110 notio
1507 4054 1790 4126 primaria
1825 4063 1946 4109 est.
2003 4070 2133 4108 eum
2169 4053 2233 4108 vi
2275 4050 2527 4126 quadam
2573 4057 2641 4107 et

404 4129 695 4187 violentia
724 4133 985 4209 prodiit,
1007 4137 1327 4211 prorupit.
1390 4136 1516 4194 Job.
1544 4137 1648 4207 38,
1679 4137 1734 4191 8.
1765 4139 1936 4193 simul
1968 4137 2042 4194 ad
2075 4144 2264 4212 aquas
2290 4153 2445 4211 pror
2447 4145 2635 4213 uptus

405 4222 467 4268 et
493 4214 566 4270 ad
586 4224 842 4291 partum
863 4217 1258 4294 prodeuntem
1291 4220 1628 4280 adhibetur.
1677 4217 1828 4287 Quis
1855 4239 2018 4278 mare
2047 4221 2239 4277 valvis
2264 4221 2633 4296 praeclusit,

403 4295 538 4352 dum
568 4310 1003 4379 prorumperet
1045 4311 1326 4380 tanquam
1373 4323 1452 4362 ex
1497 4301 1717 4363 utero?
1801 4303 1889 4362 De
1925 4316 2097 4378 partu
2137 4306 2354 4362 dicitur
2397 4323 2628 4382 quoque

392 4377 569 4449 Mich.
590 4386 680 4457 4,
714 4386 817 4442 10.
893 4387 1064 4454 Quod
1110 4386 1356 4449 formam
1398 4393 1641 4466 attinet,
1700 4391 1969 4449 nonnulli
2011 4400 2117 4456 'm
2162 4406 2272 4467 pro
2305 4389 2620 4468 partieip-
