2807 4913
380 286 534 358 696
618 260 633 267 ο
1120 370 1129 391 ο
1224 286 1346 351 Ps.
1394 232 1563 374 132,
1624 309 1681 353 1.
1724 306 1787 349 2.

393 473 571 533 simul
609 467 1071 551 magnitudinem
1103 486 1339 541 eorum,
1382 478 1444 525 et
1477 469 1634 549 quod
1667 467 1827 527 Deus
1868 472 1932 527 in
1966 471 2155 545 ipsum
2188 478 2250 531 et
2281 487 2482 548 geum
2514 468 2639 526 lm-

387 578 620 617 manum
652 567 772 613 tam
798 555 877 610 sit
908 552 1230 627 beneficus,
1284 573 1463 628 quum
1502 564 1694 612 tamen
1732 553 1881 610 nihil
1920 556 2000 610 sit
2038 557 2103 610 in
2131 554 2402 626 bomine,
2469 555 2641 630 quod
2743 596 2744 603 ,

391 651 613 701 tantam
640 637 1072 707 beneficentiam
1098 648 1418 711 mereatur,
1460 648 1561 694 aut
1591 658 1660 695 ea
1687 640 1929 718 dignum
1958 641 2061 710 sit,
2099 640 2308 715 quippe
2336 640 2449 712 qui
2486 657 2643 694 con-
2741 646 2744 669 ⁴

394 730 616 784 ditione
648 735 770 780 tam
804 723 884 777 sit
911 719 1128 775 caduca
1156 731 1215 777 et
1244 724 1472 779 misera.
1535 722 1706 781 Hauc
1735 724 2177 780 celebrationem
2203 722 2641 779 beneficiorum

395 811 507 869 Dei
534 807 852 887 praemittit
879 804 1143 881 precibus
1172 809 1296 863 suis
1322 807 1693 878 ardentibus,
1749 807 1957 884 quibus
1998 807 2269 882 implorat
2309 825 2490 881 opem
2528 825 2642 881 po-

397 896 616 952 tentiae
655 889 1203 948 divinaeMvenus
1245 889 1478 961 hostes,
1537 910 1573 948 a
1610 911 1855 966 quorum
1885 902 2166 967 apparatu
2195 903 2252 947 et
2290 891 2642 965 irruptione

395 978 714 1056 periculum
744 984 869 1031 tum
895 971 1106 1041 fuerit:
1158 973 1312 1050 quod
1343 974 1681 1037 beneficium
1711 978 1764 1031 si
1794 977 1851 1031 ei
1885 976 2075 1033 denuo
2106 977 2457 1053 contingat,
2505 976 2642 1031 lau-

400 1064 527 1120 dem
583 1079 620 1118 a
660 1078 722 1115 se
766 1068 826 1114 et
867 1058 1306 1115 celebrationem
1345 1078 1560 1116 novam
1608 1061 1899 1134 promittit
1930 1058 2468 1116 Deobenel'actori
2508 1076 2643 1129 suo,

399 1164 570 1223 quam
602 1154 722 1200 tum
755 1143 811 1198 ei
840 1142 919 1198 sit
947 1144 1367 1217 praestiturus,
1407 1154 1467 1200 et
1492 1147 1666 1200 simul
1693 1145 1846 1201 bona
1873 1145 2149 1219 quae-lam
2183 1144 2346 1219 pacis
2375 1161 2644 1200 comme-

286 1300 295 1307 *
399 1239 624 1299 morat,
677 1226 886 1302 quibus
919 1236 988 1285 ut
1022 1229 1284 1302 potiatur
1311 1230 1591 1303 populus,
1645 1228 2011 1288 vehementer
2046 1237 2207 1303 orat,
2261 1237 2334 1283 ut
2375 1229 2646 1304 quietem

402 1315 616 1390 populo
660 1312 975 1369 conciliare
1016 1312 1165 1367 velit
1202 1312 1383 1386 lova,
1441 1322 1503 1370 et
1549 1313 1806 1371 hostium
1843 1314 2231 1389 irruptionem
2275 1322 2338 1369 et
2378 1322 2641 1369 conatus

401 1406 685 1456 avertere.

567 1477 790 1555 Quodsi
821 1477 997 1535 hoece
1028 1498 1294 1554 carmen,
1341 1491 1410 1538 ut
1444 1482 1657 1539 titulus
1688 1482 1931 1554 asserit,
1972 1501 2107 1539 vere
2137 1489 2228 1536 est
2254 1477 2639 1555 Davidicnm‚

402 1585 520 1624 non
552 1561 928 1641 improbanda
958 1563 1213 1622 Kimchii
1244 1569 1605 1640 conjectura,
1635 1564 1872 1624 'editum
1900 1585 2023 1622 esse
2049 1563 2326 1621 adversus
2364 1568 2640 1644 gentium

400 1661 753 1720 exterarum,
783 1667 927 1726 quae
956 1649 1210 1726 undique
1234 1651 1387 1714 bella
1416 1661 1621 1709 contra
1634 1650 1918 1709 Davidem
1947 1648 2274 1749 movebant,
2298 1651 2641 1721 molimina,

401 1746 737 1811 postquam,
791 1751 975 1811 regno
1011 1735 1271 1808 potitus,
1320 1744 1382 1793 et
1418 1736 1708 1794 lsraelitas
1737 1736 2042 1795 universos
2067 1734 2315 1807 imperio
2349 1751 2467 1789 ⁸¹10
2502 1734 2639 1790 tub-

395 1822 582 1894 jectos
634 1816 905 1888 haberet,
972 1827 1033 1873 et
1080 1816 1505 1891 Philisthaeos,
1567 1823 1671 1897 qui
1711 1822 1777 1877 in
1819 1824 1944 1896 ejus
1987 1818 2271 1875 ditionem
2313 1817 2642 1889 irruerant,

403 1902 657 1971 secundo
694 1892 922 1976 proelio
944 1904 1256 1976 repulisset
1298 1903 1443 1981 (vid
1474 1904 1687 1962 2Sam.
1716 1901 1823 1980 5).
1892 1902 2210 1967 Victoriam
2241 1901 2312 1958 de
2345 1900 2639 1959 Goliatho

403 1996 758 2064 reportatam
793 2003 829 2040 a
864 1982 1088 2043 Davide
1120 1986 1230 2043 hoc
1263 1988 1486 2046 Psalmo
1514 1990 1828 2059 celebrari,
1869 1997 1936 2043 ut
1964 2005 2120 2044 nunc
2149 1987 2370 2064 legitur
2403 1987 2479 2042 in
2509 2005 2641 2044 ver·

404 2073 589 2138 sionis
615 2069 1042 2127 Alexandrinae
1069 2071 1235 2128 libris
1263 2074 1458 2146 editis,
1492 2084 1553 2135 et
1583 2093 1703 2130 non
1731 2074 1930 2148 paucis
1956 2088 2130 2127 manu
2164 2071 2456 2142 exaratis,
2489 2088 2643 2129 vana

405 2167 496 2213 est
546 2156 883 2227 conjectura
935 2150 1116 2232 (quae
1159 2155 1359 2217 forsan
1410 2177 1486 2215 cx
1522 2155 1836 2215 chaldaica
1890 2154 2228 2230 paraphrasi
2269 2152 2503 2211 Versus
2545 2158 2640 2211 10.

407 2241 696 2317 originem
741 2240 952 2311 duxit,
1009 2238 1133 2300 vid.
1182 2241 1266 2299 ibi
1309 2239 1496 2318 not.),
1561 2260 1707 2318 quae
1750 2242 1876 2316 ipsa
1913 2239 2129 2296 Psalmi
2166 2236 2639 2295 consideratione

404 2324 722 2390 refellitur3
764 2341 898 2379 nam
930 2325 1105 2380 latius
1133 2334 1292 2400 patet
1315 2339 1722 2405 argumentum
1750 2328 1891 2398 ejus,
1922 2332 2190 2400 quam‘ut
2222 2320 2296 2380 ad
2326 2323 2639 2400 singulare

407 2419 698 2466 certamen
728 2407 904 2465 unius
934 2427 1061 2465 cum
1092 2427 1210 2466 uno
1234 2413 1518 2493 restringi
1542 2419 1702 2470 recte
1734 2412 1937 2486 possit.
1977 2407 2176 2483 Neque
2205 2406 2398 2485 magis
2434 2425 2641 2466 eorum

406 2494 642 2571 probari
676 2500 871 2567 potest
898 2498 1189 2551 sententia
1206 2534 1225 2566 ,
1272 2498 1374 2570 qui
1403 2496 1559 2554 hunc
1585 2496 1884 2553 Psalmum
1913 2494 2006 2553 vel
2032 2494 2305 2549 adversus
2334 2493 2644 2549 Abnerum

406 2575 476 2656 (2
494 2577 649 2635 Sam.
677 2577 740 2645 2,
765 2577 861 2631 13
889 2594 1010 2652 sqq.
1016 2575 1078 2652 ),
1133 2582 1224 2636 vel
1253 2580 1529 2639 adversus
1564 2581 1907 2638 Absalonem
1942 2587 2001 2634 et
2028 2577 2336 2633 seditiosos
2369 2580 2509 2650 ejus
2543 2596 2646 2633 co-

388 2673 577 2738 natus
606 2660 821 2716 factum
851 2673 1083 2736 putant.
1165 2662 1571 2722 Theodoretus
1604 2665 1713 2721 boc
1742 2681 1976 2720 carmen
2005 2662 2067 2717 in
2100 2678 2350 2738 persona
2382 2660 2648 2718 Judaeo-

406 2764 539 2804 rum
577 2742 695 2800 dici
712 2747 1062 2817 existimat,
1122 2765 1267 2823 quos
1294 2750 1415 2822 jam
1448 2750 1518 2807 de
1547 2750 1844 2826 Babylone
1870 2763 2135 2832 reversos
2167 2754 2372 2824 gentes
2405 2746 2648 2818 vicinae

408 2846 719 2908 aggressae
748 2838 925 2900 sunt,
977 2848 1044 2887 ac
1082 2833 1249 2889 bellis
1291 2843 1464 2909 atque
1507 2836 1680 2891 armis
1721 2825 2040 2908 opprimere
2082 2840 2344 2886 conatae.
2432 2829 2557 2885 Est
2590 2838 2647 2884 et
2753 2869 2756 2910 1

408 2914 561 2969 alius
607 2911 864 2968 Graecus
913 2928 1156 2987 auctor,
1220 2917 1448 2996 Agellio
1494 2924 2012 2987 commemoratus,
2078 2916 2178 2990 qui
2215 2912 2529 2969 Psalmnm
2574 2911 2650 2967 ad
2749 2917 2756 2962 ἡ

2739 1168 2750 1635 Ἰ

406 2995 773 3058 Maccabaica
805 3004 1062 3074 tempora
1091 3000 1292 3059 refert.
1357 2999 1529 3061 Certe
1561 3013 1617 3060 et
1647 3002 1740 3059 his
1773 3012 1832 3059 et
1865 3001 1984 3056 illis
2014 2997 2370 3075 temporibus
2404 3014 2655 3084 carmen
2743 3057 2752 3066 ,

340 3077 350 3091 ’
405 3079 573 3137 facile
615 3088 845 3161 poterat
889 3085 1334 3147 accommodari.

583 3210 637 3264 1.
725 3206 822 3266 Sit
863 3210 991 3267 laus
1037 3213 1128 3283 ei,
1190 3215 1290 3290 qui
1331 3234 1423 3272 me
1463 3211 1705 3272 instruit
1745 3212 1966 3270 virtute
2005 3220 2066 3268 et
2101 3211 2349 3269 scientia
2390 3208 2655 3269 bellica!

407 3288 539 3351 Vid.
582 3302 704 3353 not.
748 3291 824 3349 ad
868 3294 967 3366 18,
996 3293 1097 3352 35.

467 3469 475 3480 ,
577 3418 641 3475 ⁴2·
723 3427 885 3478 ’πω-ι
933 3418 1301 3499 Benignitas
1343 3443 1471 3488 mea
1516 3421 1838 3504 Chaldaeus
1879 3423 2022 3481 bene
2063 3421 2319 3510 faciens
2366 3419 2661 3499 benigni-

406 3587 448 3645 i.
478 3604 527 3643 e.
570 3584 896 3644 benefactor
927 3610 1109 3663 meus,
1140 3596 1490 3667 explicavit.
1566 3594 1669 3651 Sic
1703 3590 1863 3649 Deus
1897 3593 2118 3663 109,1.
2160 3587 2385 3682 'nb-*tn
2434 3589 2658 3684 ’ζῷ’δι,

408 3504 629 3573 tatem,
683 3510 744 3558 et
785 3503 1020 3562 Kimehi
1056 3506 1224 3566 Deus
1265 3511 1513 3586 gratiae
1554 3525 1714 3565 meae
1752 3504 1938 3583 (quod
1983 3518 2174 3564 exstat
2214 3506 2654 3582 59,11.18.)‚
2741 3481 2756 3578 ‘r

2747 3589 2756 3660 ἢ

409 3670 511 3726 8οᾶ
549 3669 1175 3761 Jer.17‚14.³27'3·-n
1223 3678 1317 3750 (cf.
1357 3678 1533 3737 Dent.
1566 3681 1642 3735 10
1647 3673 1818 3752 21.)
1863 3676 2202 3751 simpliciter
2236 3657 2756 3750 1riuu‹=upa1:m·.i

413 3763 681 3837 ὮἯΣΠἸ
726 3753 810 3814 Et
852 3775 972 3816 arx
1014 3778 1175 3828 mea,
1240 3764 1741 3843 propugnaculum
1780 3779 1972 3818 meum
2013 3761 2517 3837 inexpugnabile,
2585 3760 2657 3821 cf.

417 3839 517 3907 18,
550 3837 607 3894 3.
636 3831 758 3908 31,
788 3839 847 3895 3.
893 3872 1011 3893 -ν-
1036 3848 1241 3940 'aalma
1286 3849 1603 3906 Excelsum
1644 3864 1826 3900 meum
1869 3845 2315 3914 munimentum,
2374 3843 2455 3900 ad
2498 3846 2663 3922 quod

409 3918 606 3976 hostes
658 3924 987 4005 pertingere
1034 3945 1154 3985 non
1198 3945 1459 4008 possunt.
1543 3927 1667 3994 b·
1685 3926 1925 4022 tabam
1984 3927 2071 3987 Et
2121 3927 2420 3986 liberator
2489 3946 2661 3987 meus

415 4003 587 4073 milei,
647 4010 813 4082 quasi
849 4013 1118 4085 proprius
1152 4028 1209 4073 et
1242 4018 1575 4093 peculiaris.
1661 4011 1925 4071 Kim‘chi:
1987 4009 2103 4091 „b
2149 4014 2244 4070 vel
2281 4012 2663 4087 pleonastice

2751 3947 2756 4078 J

415 4090 682 4161 θᾶὼωΐ,
740 4095 976 4166 majoris
1019 4096 1428 4158 declarationis
1475 4116 1680 4170 causa,
1736 4098 1832 4158 vel
1874 4094 1985 4156 Jod
2014 4096 2334 4172 Participio
2377 4098 2666 4158 additum
2753 4107 2756 4180 j

417 4179 506 4226 cst
548 4177 997 4253 paragogicum,
1053 4187 1247 4254 qualia
1299 4187 1438 4255 113,
1475 4183 1619 4240 5,.6
1675 4181 1959 4253 123,1.“
2060 4193 2244 4259 “Qun
2293 4192 2420 4261 Ἓξ
2473 4181 2665 4243 ἾὙἾΗ
2753 4183 2756 4206 ⁴

419 4252 539 4320 Qui
580 4256 779 4312 subdit
818 4262 1093 4344 populum
1131 4287 1311 4326 meum
1354 4201 1508 4331 subo
1504 4286 1607 4322 me.
1693 4276 1867 4327 ἾἻἾΠ
1912 4266 2017 4321 alii
2059 4285 2134 4322 ex
2170 4248 2514 4332 3arab-*1⁸¹1*1
2570 4250 2668 4324 n:

421 4337 634 4409 duxit,
692 4354 957 4403 vertunt:
1022 4351 1125 4424 qui
1162 4354 1410 4411 reduxit
1457 4372 1532 4409 sc
1578 4329 1911 4425 compositis
1950 4327 2421 4408 dissensionibus
2457 4370 2670 4432 popu·
