2807 4913
302 313 306 320 ,
376 236 529 338 322
988 209 992 215 ’
1144 235 1269 304 Ρ..
1312 194 1829 329 49‚'1ss-29

558 419 658 479 16.
743 417 909 497 Ego,
961 424 1122 475 vates
1147 417 1381 494 inquit,
1432 416 1705 475 fiduciam
1735 415 1801 471 in
1825 412 1954 474 Deo
1984 413 2301 485 collocavi,
2360 416 2462 491 qui
2498 432 2626 476 me·

289 566 296 574 ,
388 529 419 567 e
447 505 720 581 periculis
752 502 990 559 summis
1025 510 1195 577 atque
1232 499 1302 560 ab
1333 504 1516 560 exitio
1554 504 1677 578 ipso
1710 501 1935 576 eripiet.
2019 493 2186 592 bam?
2217 529 2302 541 --
2341 509 2433 584 ἥδε
2479 497 2598 555 Ve-

387 600 719 649 rumtamen
765 585 929 644 Deus
972 586 1223 643 redimet
1266 589 1523 645 animam
1557 604 1741 642 meam
1774 602 1812 640 a
1852 602 2055 683 manu,
2111 568 2400 660 potestate
2442 582 2597 656 orci,

275 676 283 685 '
387 667 547 734 Deus
586 672 901 749 prolatabit
940 670 1085 728 mihi
1119 673 1335 747 vitam,
1394 670 1681 748 opulentis
1715 671 1832 725 illis
1866 670 2170 744 impiisque
2204 670 2348 724 meis
2389 667 2599 724 adver·-

388 761 562 816 sariis
593 758 896 829 extinctis,
935 756 1037 832 qui
1068 758 1295 813 cunctis
1331 759 1454 813 suis
1487 755 1692 831 opibus
1721 754 1947 810 nullam
1978 763 2169 810 tamen
2196 754 2353 810 vitae
2387 771 2600 827 proro-

388 846 685 925 gationem
711 841 990 899 redimere
1019 850 1353 917 potuerunt,
1388 851 1457 897 ut
1481 839 1581 897 Vs.
1601 840 1657 896 8.
1694 842 1942 909 dixerat,
1970 837 2045 894 ad
2076 856 2242 914 quem
2273 835 2370 893 hic
2397 846 2600 896 noster

389 927 696 1000 manifeste
737 927 991 1006 respicit.
1070 924 1286 982 Eadem
1324 926 1518 1005 figura
1548 922 1810 995 Hos.13‚
1838 923 1934 978 14.
1977 917 2083 1004 (ab
2122 922 2253 976 orci
2278 928 2604 999 potestate

391 1030 515 1086 eos,
556 1010 882 1082 Israeliten,
921 1011 1114 1085 inquit
1138 1008 1317 1083 Jora,
1356 1010 1673 1082 redimam,
1714 1030 1752 1068 a
1793 1017 1980 1064 morte
2016 1024 2115 1065 eos
2155 1000 2500 1082 vindicabo)
2537 1014 2599 1062 et

387 1096 492 1155 Ps.
518 1097 622 1169 89,
649 1097 751 1152 49.
819 1092 1124 1152 Rationem
1154 1093 1400 1152 fiduciae
1431 1094 1626 1151 addit·
1669 1101 1850 1180 *mm
1898 1103 1970 1151 ’Ξ
2010 1110 2145 1148 nam
2178 1090 2447 1167 suscepit
2485 1107 2598 1164 me,

389 1179 450 1238 h.
477 1202 525 1239 e.
559 1184 624 1238 in
655 1198 818 1236 suam
847 1198 1044 1236 curam
1076 1190 1133 1235 et
1165 1179 1554 1254 patrocinium
1587 1181 1825 1253 recepit,
1867 1195 1956 1233 me
1983 1176 2140 1233 fovet
2171 1184 2342 1251 atque
2373 1183 2600 1244 tuetur,

379 1284 508 1343 -quo
545 1283 720 1324 sensu
759 1263 909 1322 idem
948 1264 1184 1321 verbum
1224 1260 1362 1352 rip}
1400 1261 1575 1320 Deut.
1605 1265 1667 1336 4,
1698 1265 1797 1319 20.
1833 1271 2180 1337 usurpatur,
2240 1277 2370 1315 cum
2406 1256 2600 1318 Moses

389 1349 687 1410 Israelitas
714 1350 1047 1425 alloquutus
1074 1346 1246 1407 dicit.
1294 1368 1395 1407 vos
1426 1350 1698 1427 suscepit
1725 1345 1901 1405 Jova.
1955 1344 2042 1404 cf.
2074 1344 2170 1405 Ps.
2196 1344 2298 1419 73,
2326 1344 2428 1399 24.

564 1466 662 1522 17.
713 1462 845 1522 Hoc
878 1475 993 1521 tam
1026 1467 1321 1540 praeclaro
1353 1465 1646 1542 praesidio
1674 1465 1852 1521 nixus
1880 1461 2152 1520 hortatur
2181 1479 2325 1518 sese.
2339 1460 2602 1536 aliosque

391 1567 583 1607 secum
611 1551 957 1606 sentientes:
998 1546 1171 1607 Nihil
1197 1561 1449 1623 metuas,
1493 1568 1624 1607 cum
1653 1549 1888 1606 ditatus
1921 1549 2018 1604 vir
2049 1547 2340 1623 quispiam
2366 1543 2603 1616 fuerit,

391 1653 524 1692 oum
565 1633 827 1690 creverit
865 1632 1067 1710 gloria
1121 1633 1323 1692 domus
1375 1654 1554 1708 suae,
1623 1636 1662 1690 i.
1698 1653 1745 1690 e.
1782 1651 1874 1688 res
1915 1633 2006 1689 vel
2045 1632 2304 1706 supellex
2342 1630 2603 1709 gloriosa

396 1729 455 1775 et
487 1719 832 1793 conspicua,
875 1721 1196 1793 possessori
1227 1721 1733 1778 existimationem
1756 1718 2108 1786 concilians,
2165 1725 2269 1771 aut
2314 1716 2387 1773 ob
2426 1731 2599 1789 quam

393 1803 643 1902 aliquis,
684 1820 720 1858 a
750 1802 914 1873 plebe
951 1804 1250 1877 inprimis,
1296 1806 1600 1862 extollitur
1640 1812 1698 1858 et
1738 1801 2091 1873 honoratur,
2139 1800 2426 1874 quomodo
2458 1814 2602 1854 con-

392 1889 616 1945 vivium
643 1884 928 1944 Ahasveri
956 1887 1169 1943 dicitur
1195 1890 1593 1964 comprobasse
1633 1890 1787 1965 '75:232
1832 1885 2029 1962 ’Ἰὶτρν-
2044 1898 2138 1945 n&
2179 1883 2432 1940 divitias
2470 1879 2602 1957 glo·

394 1972 529 2027 riae
558 1970 735 2045 regni
763 1970 981 2047 ipsius,
1011 1973 1051 2027 i.
1080 1992 1130 2029 e.
1157 1972 1542 2051 praegrandes
1573 1983 1631 2028 et
1663 1952 1950 2050 gloriosas
1979 1950 2237 2036 divitias,
2268 1966 2440 2027 Esth.
2465 1969 2521 2038 l,
2538 1966 2601 2020 4.

394 2053 499 2112 Sic
522 2046 729 2111 Jacobi
755 2053 1072 2129 opulentia,
1107 2074 1180 2111 ex
1203 2056 1455 2113 Labanis
1482 2054 1852 2112 facultatibus
1874 2051 2166 2128 adquisita
2198 2050 2414 2109 dicitur
2440 2052 2601 2132 ’ἸἸΞΞ

396 2138 542 2195 Gen.
573 2136 678 2210 31,
709 2138 798 2210 1.,
851 2138 1008 2214 quod
1035 2150 1167 2217 post
1198 2125 1293 2199 Vs.
1329 2143 1427 2198 16.
1459 2160 1589 2199 cum
1626 2137 1792 2227 ''lq-²53>
1824 2146 2201 2250 permutatur.
2266 2132 2410 2194 coh.
2446 2133 2509 2207 6,
2538 2134 2600 2189 2.

291 2209 754 2295 ‘Nah.2‚9.

568 2332 670 2390 18.
737 2326 871 2388 Non
895 2330 1050 2389 enim
1077 2350 1211 2391 cum
1240 2335 1501 2391 moritur
1530 2340 1718 2392 sumet
1755 2351 1946 2391 secum
1975 2329 2086 2390 hoo
2112 2330 2472 2399 universum,
2510 2328 2607 2388 nn

395 2418 702 2495 quicquam
739 2433 815 2474 ex
853 2418 1083 2475 cunctis
1123 2416 1280 2477 hisce
1316 2419 1693 2478 facultatibus
1735 2427 1907 2496 atque
1950 2417 2136 2490 copiis
2170 2433 2363 2473 secum
2395 2415 2600 2495 tollet3

391 2520 511 2559 non
556 2500 867 2559 descendet
907 2512 1056 2579 post
1094 2514 1222 2559 eum
1265 2503 1542 2584 splendor
1583 2522 1751 2576 ejus,
1822 2521 1943 2561 non
1989 2500 2419 2562 comitabuntur
2464 2501 2602 2559 illos

360 2586 639 2645 'divitiae
677 2604 834 2645 suae.
906 2583 991 2642 Cf.
1025 2586 1289 2665 Propert.
1319 2588 1486 2667 Eleg.
1516 2591 1576 2663 3,
1605 2589 1661 2645 3.
1692 2588 1792 2645 35.

570 2693 670 2752 19.
752 2702 917 2794 ἾἻἍῘ
968 2703 1154 2789 *Qu-’2
1213 2697 1516 2758 Ἵππη-’3
1570 2693 1724 2755 Nam
1780 2695 2046 2773 quamvis
2101 2695 2354 2751 animam
2410 2708 2598 2765 suam,

393 2781 784 2857 semetipsum,
823 2780 891 2836 in
929 2762 1064 2836 vitei
1101 2798 1237 2851 sua,
1276 2765 1459 2840 dimi
1442 2801 1503 2838 ιιι
1534 2783 1683 2840 vivis
1715 2793 1898 2853 esset,
1940 2779 2335 2851 benedixerit,
2373 2777 2603 2836 felicem

397 2865 852 2941 praedicaverit,
904 2864 1061 2935 sive,
1103 2867 1216 2924 sibi
1249 2867 1542 2924 blanditus
1573 2865 1780 2939 fuerit,
1824 2885 1940 2941 quo
1977 2883 2149 2921 sensu
2181 2862 2353 2921 Deut.
2379 2861 2600 2932 29,18.

389 2942 586 3040 '‘m-*4122
625 2957 858 3036 {35:²77
890 2949 1122 3007 dicitur.
1206 2952 1329 3010 uim
1371 2952 1732 3027 pronominis
1770 2951 2054 3026 reciproci
2087 2951 2269 3007 vicem
2312 2948 2467 3026 gerit
2504 2944 2602 3019 (ut

392 3032 461 3105 3,
477 3014 539 3089 2.
583 3034 643 3106 7,
671 3034 730 3089 3.
774 3033 949 3105 11,1.
992 3032 1268 3113 25‚13.).
1310 3013 1426 3125 ἠὲ
1461 3046 1806 3096 mmm-³29
1849 3038 2021 3127 '375³’
2059 3033 2144 3092 Et
2179 3033 2440 3109 quamvis
2469 3029 2603 3088 lau-

379 3117 681 3175 ιἀαυονίπέ
725 3125 785 3173 te
824 3118 949 3189 alii,
991 3119 1242 3194 quando,
1290 3139 1339 3177 s.
1374 3101 1532 3198 qnuod
1557 3105 1676 3177 tibi
1721 3100 2104 3193 benef'eceiis.
2188 3118 2398 3176 Subito
2433 3123 2602 3175 vates

401 3203 724 3259 orationem
761 3204 1054 3259 convertit
1087 3205 1159 3260 ad
1196 3208 1379 3282 ipsum
1420 3207 1689 3277 divitem,
1736 3203 1806 3262 de
1847 3222 1996 3280 quo,
2041 3213 2314 3278 tanquam
2345 3203 2603 3273 absente,

377 3286 571 3367 ,modo
603 3288 666 3342 in
697 3288 871 3343 tertia
899 3304 1145 3361 persona
1170 3288 1360 3347 fuerat
1390 3292 1682 3366 loquutus,
1728 3289 2015 3364 quomodo
2046 3286 2605 3359 Jes.⁷‚14.dicitur

398 3372 580 3426 simili
618 3369 738 3427 fere
766 3368 970 3428 modo:
1014 3389 1148 3429 ecce
1190 3375 1365 3451 virgo
1391 3375 1691 3452 parieta
1632 3372 1866 3446 filium,
1909 3381 1970 3431 et
2015 3369 2143 3449 (tu,
2189 3389 2223 3427 o
2255 3364 2455 3448 virgo)
2495 3386 2601 3424 vo-

229 3436 232 3441 ’
327 3449 334 3453 ’
401 3452 568 3510 cabis
611 3464 724 3512 etc.
776 3452 864 3514 Cf.
903 3454 1051 3514 Neh.
1077 3459 1139 3530 4,
1168 3462 1225 3516 4.
1271 3459 1497 3517 2Sam.
1515 3461 1574 3533 7,
1607 3460 1704 3515 23.
1785 3456 2138 3516 Connectere
2167 3456 2338 3532 proin
2367 3454 2606 3513 videtur

399 3548 600 3596 noster
640 3548 764 3597 tum
805 3540 1059 3598 divitis
1041 3544 1225 3615 ipsius
1261 3545 1329 3600 de
1361 3564 1458 3616 se,
1512 3550 1636 3598 tum
1679 3538 1963 3614 aliorum,
2013 3543 2401 3617 parasitorum
2434 3548 2607 3614 puta,

398 3632 460 3679 et
501 3624 897 3699 insipientium
945 3625 1013 3681 de
1054 3628 1167 3685 tali
1211 3630 1389 3687 divite
1427 3626 1680 3703 judicia,
1746 3630 1915 3705 quasi
1954 3626 2201 3684 diceret:
2262 3625 2513 3680 etiamsi
2533 3633 2606 3680 tu

399 3707 522 3783 ipse
552 3708 784 3766 beatum
813 3718 872 3764 te
900 3712 1225 3787 praedices,
1286 3714 1505 3790 aliique
1542 3712 1655 3768 tibi
1694 3712 2101 3785 applaudentes
2141 3709 2386 3766 similem
2427 3707 2498 3764 de
2541 3716 2606 3763 tn

337 3864 342 3865 ⁷
397 3789 642 3850 efferant
681 3793 943 3867 laudem,
998 3799 1343 3856 veniendum
1377 3810 1568 3854 tamen
1610 3798 1725 3855 erit
1762 3796 1834 3852 ad
1878 3794 2262 3872 sepulchrum.
2345 3790 2605 3861 Quando

396 3875 757 3950 benefeceris
794 3875 929 3952 tibi,
968 3882 1164 3959 gulam
1197 3883 1485 3953 curando,
1524 3882 1698 3958 genio
1730 3877 2120 3959 indulgendo,
2155 3878 2411 3954 palatiis,
2452 3896 2607 3936 con-

394 3961 607 4033 viviis,
647 3964 1006 4021 vestimentis
1040 3974 1098 4021 te
1128 3965 1435 4024 efferendo.
1520 3964 1880 4040 Exprimitur
1922 3965 2030 4022 hac
2069 3963 2408 4040 loquutione
2446 3960 2610 4020 divi-

398 4046 610 4103 tiarum
648 4065 807 4118 usus,
848 4050 1154 4147 oppositus
1177 4040 1380 4109 tenaci
1412 4067 1716 4109 avarorum
1753 4047 2046 4120 sorditiei‚
2094 4048 2194 4125 qui
2225 4065 2409 4121 neque
2440 4047 2609 4120 aliis,

396 4146 580 4228 neque
608 4131 720 4187 sibi
753 4132 926 4207 ipsis,
981 4132 1051 4190 de
1081 4136 1202 4192 suis
1247 4135 1630 4207 benefaciunt
1668 4134 1870 4210 opibus
1915 4133 2084 4212 (coh.
2111 4138 2176 4208 4,
2207 4132 2263 4188 8.
2309 4129 2606 4189 subtraho

314 4216 332 4238 ·’
394 4215 627 4271 animae
664 4232 825 4272 meae
867 4214 1092 4289 bonum,
1139 4223 1281 4293 sive,
1322 4238 1518 4277 carere
1548 4236 1674 4275 eam
1701 4218 1853 4276 facio
1880 4213 2150 4301 gaudio).
2238 4216 2449 4274 Lucem
2488 4233 2606 4275 m)-

393 4308 514 4356 ster
555 4301 716 4358 loeus
759 4301 948 4376 capiet
986 4319 1058 4358 ex
1103 4302 1298 4365 Cohel.
1335 4307 1434 4382 ll,
1463 4306 1559 4376 9.,
1622 4305 1720 4364 ubi
1764 4303 1839 4363 a'd
1880 4306 2300 4366 adolescentem
2343 4301 2602 4361 dicitur:
