2807 4913
617 1083 2282 1178 PROLEGOMENAf‘

1331 1499 1385 1554 1.

773 1641 1139 1717 Rsalmorum
1185 1642 1358 1719 origo
1403 1651 1467 1701 et
1514 1654 1945 1722 argumentum.

218 1827 645 1934 PsaLmorum
677 1874 828 1932 liber
870 1868 967 1954 (de
1007 1873 1168 1946 cujus
1209 1875 1693 1951 appellationibus
1734 1876 1856 1937 vid.
1888 1877 2045 1937 iufra
2076 1881 2141 1939 in
2170 1880 2466 1959 Explicsh

241 1987 500 2047 Titulor.
547 2005 594 2043 s.
634 2006 689 2044 v.
736 1981 908 2068 Ξξη)
966 1987 1366 2062 complectitur
1408 1990 1702 2061 carmina,
1761 1990 1917 2046 inter
1965 1993 2187 2049 cultum
2233 2010 2467 2051 uerum

235 2115 497 2165 veterum
522 2102 931 2162 Hebraeorum
956 2103 1032 2160 ad
1072 2122 1428 2183 organorum
1466 2106 1820 2163 musicorum
1864 2116 2204 2165 concentum
2250 2102 2467 2166 decan·-

235 2222 357 2278 tari
396 2221 593 2277 solita.
675 2218 843 2297 Apud
888 2239 1085 2278 omnes
1127 2224 1282 2278 enim
1320 2220 1444 2279 fere
1486 2221 1731 2298 populos
1774 2223 1949 2297 paulo
1992 2220 2362 2283 humaniores
2401 2224 2466 2283 id

234 2337 307 2395 ab
339 2338 703 2414 ipsis,usque
741 2336 1078 2413 primordiis
1110 2337 1433 2396 derivatum
1464 2354 1685 2413 semper
1716 2334 2037 2395 obtinuisse
2064 2339 2356 2419 videmus,
2397 2349 2468 2398 ut

236 2454 303 2511 in
325 2474 389 2512 re
430 2453 635 2516 divina
663 2452 929 2511 facienda
956 2462 1016 2510 et
1041 2453 1431 2534 religionibus
1473 2452 1829 2512 celebrandis
1859 2454 2182 2513 carminum
2212 2464 2269 2512 et
2296 2452 2467 2531 hym-
2555 2434 2586 2510 ⁵.

234 2586 443 2627 norum
472 2587 614 2627 usus
648 2568 1065 2627 dominaretur.
1148 2568 1248 2627 Ex
1280 2569 1522 2646 antiqua
1555 2571 1660 2639 illa
1689 2572 1913 2629 musica
1949 2580 2008 2629 et
2034 2570 2237 2646 poesi,
2277 2587 2465 2647 -quam

233 2686 547 2763 aliquando
610 2686 763 2763 apud
823 2704 962 2745 suos
1021 2685 1251 2768 legibus
1306 2687 1686 2745 constitutam
1741 2683 1925 2745 fuisse
1982 2694 2267 2759 testatur,
2334 2703 2465 2748 eam
2507 2694 2530 2746 J

234 2804 481 2879 speciem
526 2804 719 2877 primo
765 2816 1027 2862 recenset
1067 2803 1238 2861 Plato
1281 2797 1380 2882 (de
1413 2797 1672 2879 Legibus
1713 2797 1780 2863 L.
1810 2795 1984 2881 111.),
2040 2818 2156 2878 qua
2194 2802 2465 2861 contine-

235 2918 449 2977 bantur
474 2936 674 2997 preces
707 2920 780 2979 ad
809 2919 990 2998 Deos,
1037 2919 1250 2999 quiQue
1284 2917 1624 2981 dicebantur
1652 2901 1888 2997 Hymni.
1962 2916 2033 2979 In
2058 2919 2272 2979 Latina
2299 2920 2466 2997 poesi

236 3033 385 3091 nihil
429 3044 785 3093 memoratur
825 3053 1003 3114 aeque
1041 3046 1335 3097 vetustum
1375 3053 1445 3093 ac
1477 3031 1706 3095 Saliare
1740 3033 1962 3094 Numae
2010 3052 2244 3093 carmen
2263 3075 2285 3110 ,
2340 3052 2464 3094 una

235 3169 364 3207 cum
404 3152 610 3227 primis
652 3169 951 3211 sacrorum
996 3162 1057 3212 et
1099 3154 1557 3213 ceremoniarum
1601 3135 1895 3209 institutis
1935 3165 1971 3208 a
2011 3151 2110 3227 pio
2145 3169 2283 3232 rege
2320 3170 2463 3211 con-

236 3268 458 3341 ditum,
519 3268 675 3345 quod
722 3268 875 3328 Salii
918 3270 993 3330 ad
1036 3273 1241 3330 tibiam
1287 3270 1571 3330 cauebant
1619 3284 1753 3325 cum
1801 3267 2077 3343 tripudiis
2120 3268 2459 3348 solennique

235 3385 449 3440 saltatu
491 3378 730 3463 (Livius
759 3385 809 3460 1,
838 3381 996 3466 20.).
1085 3383 1277 3458 Quid?
1335 3385 1491 3465 quod
1523 3401 1754 3443 carmen
1783 3367 2075 3457 omnium,
2116 3401 2262 3461 quae
2300 3401 2459 3442 nunc

234 3512 504 3575 exstant,
557 3504 1029 3578 antiquissimum
1071 3501 1302 3585 (eorum
1342 3506 1510 3578 dico,
1566 3519 1812 3580 quorum
1847 3509 2008 3558 aetas
2041 3511 2201 3559 certo
2233 3519 2458 3580 cogno-

232 3618 435 3691 scitur,
478 3627 539 3676 et
571 3638 717 3696 quae
736 3621 898 3695 justa
928 3634 1068 3681 sunt
1094 3615 1418 3701 poemata),
1458 3628 1548 3679 est
1572 3618 1699 3695 ipsa
1728 3614 1911 3676 Mosis
1941 3616 2049 3676 ode
2071 3611 2454 3701 εὗχαριστικὴ

228 3744 381 3811 post.
418 3737 729 3793 transitum
783 3739 946 3796 sinus
991 3742 1228 3800 Arabici
1285 3734 1521 3822 (Exod.
1570 3731 1743 3816 15.)‚
1799 3718 2044 3812 'piorum
2086 3750 2228 3816 erga
2261 3730 2455 3796 Deum

227 3848 534 3909 affectuum
565 3870 738 3910 verus
768 3863 828 3912 et
858 3860 1145 3916 naturalis
1175 3856 1385 3915 foetus.
1472 3852 1663 3933 Atque
1700 3852 1943 3931 poeseos
1987 3872 2118 3911 cum
2156 3860 2286 3910 arte
2323 3868 2457 3912 mn·-
2484 3888 2490 3892 -

176 3969 181 3982 '
228 3969 347 4026 sica
374 3968 653 4027 connubii
686 3972 1016 4049 exemplum
1043 3975 1279 4051 praebet
1308 3973 1535 4049 Maria,
1569 3971 1821 4031 Aaronis
1851 3988 2043 4043 soror,
2077 3959 2257 4026 maris
2284 3968 2450 4027 rubri

229 4085 542 4142 transitum
585 4105 797 4163 canens
834 4088 908 4145 ad
953 4098 1290 4167 tympanum
1331 4086 1550 4168 (Exod.
1588 4088 1687 4162 15,
1717 4082 1876 4166 20.).
1957 4084 2048 4143 Ita
2097 4085 2274 4163 lyrici
2319 4101 2452 4142 car·

156 4235 159 4238 -
226 4201 400 4258 minis
431 4202 602 4283 origo
632 4204 705 4261 ad
733 4205 921 4280 ipsum
949 4211 1190 4282 poeseos
1227 4208 1464 4266 initium
1497 4206 1787 4277 recurrit,
1840 4202 1995 4278 quod
2038 4219 2168 4276 cum
2206 4201 2448 4279 religio·

226 4317 338 4388 ¹¹1⁸,
371 4314 485 4375 hoc
514 4328 626 4395 est,
671 4339 800 4381 cum
832 4321 1017 4400 ipsius
1048 4320 1331 4385 humanae
1359 4332 1605 4384 naturae
1636 4330 1771 4381 ortu
1799 4320 2170 4395 conjunctum
2196 4315 2447 4376 videtur·

309 4430 545 4495 Psalmi.
698 4469 701 4472 -
1070 4477 1077 4488 f
1775 4438 1826 4498 A
2085 4475 2122 4500 s

2711 2422 2721 2460 h
