2807 4913
305 289 316 300 ·
397 181 563 330 2164
847 260 854 268 '
1019 311 1027 323 .
1163 191 1170 196 ι
1231 251 1395 323 '1²0.
1437 249 1557 356 78,
1609 250 1784 342 8,9.

405 460 529 503 ιιοιι
567 451 723 517 est,
752 441 950 499 veluti
975 437 1079 514 Ῑθ,
1116 441 1233 498 17.
1261 436 1367 511 5⁷,
1393 440 1458 498 8.
1501 440 1643 513 112,
1668 439 1764 516 7.,
1825 435 1999 496 modo
2031 454 2198 512 eum,
2252 455 2290 497 a
2321 456 2442 518 quo
2476 441 2654 501 abest

402 531 616 589 levita·
673 527 1145 603 mutabilitasque
1201 527 1438 584 consilii
1491 535 1667 601 atque
1725 524 2102 602 opinionum
2173 526 2276 600 qui
2331 544 2476 583 usus
2530 526 2653 584 boc

403 613 614 672 Versu
637 613 937 682 cernitur,
1008 622 1184 688 atque
1222 614 1457 668 iterum
1483 609 1673 667 Versu
1711 610 1819 672 37.
1904 606 2022 667 Sed
2066 607 2142 665 ad
2191 610 2510 672 formulam
2557 610 2649 676 &b

337 712 342 716 ·
403 693 512 759 1223
556 705 715 779 ἵκῃ-Ξ
753 694 993 754 subaud,
1029 691 1431 767 nauhu-bn,
1482 695 1557 751 is
1574 702 1766 752 autem
1799 693 2017 750 dicitur
2059 689 2333 756 mms-
2352 690 2435 756 ΞΝ
2486 707 2544 780 3
2547 709 2652 757 3-1

316 781 320 785 ’
404 764 549 861 ἦειξ,
601 784 705 858 qui
735 782 1029 861 neglectis
1072 780 1411 837 numinibus
1445 778 1604 838 fictis
1640 777 1844 835 Jovam
1885 786 1953 834 ut
1997 797 2135 834 suae
2160 758 2387 836 salutis
2431 801 2647 842 verum

404 885 475 925 ac
521 857 745 923 certum
788 875 1084 922 auctorem
1123 868 1293 924 unice
1331 866 1477 921 colit
1511 874 1571 921 et
1597 871 1933 935 veneratur,
1981 862 2191 921 lSam.
2221 867 2280 934 7,
2309 865 2369 921 3.
2459 863 2648 923 Recte

361 947 366 962 '
401 947 730 1009 Chaldaeus
761 962 966 1008 nostra
995 951 1174 1008 verba
1205 950 1492 1008 reddidit.
1537 966 1645 1006 nec
1682 948 2023 1024 composuit
2061 948 2319 1004 animum
2350 966 2524 1005 suum
2559 949 2650 1008 ad

399 1033 719 1094 Dominum
747 1052 931 1091 suum.
985 1037 1134 1096 ἤΠῆἾ
1171 1032 1419 1098 bet-n&
1457 1044 1718 1122 πνυκὶ·
1733 1029 1847 1092 ΝἘ-ἰ
1881 1019 2071 1103 Cujus
2097 1033 2332 1090 animus
2361 1052 2481 1090 non
2508 1036 2648 1108 fir·

399 1139 530 1178 mus
550 1102 697 1192 fuit
732 1137 864 1175 cum
888 1116 1042 1191 Dec,
1090 1138 1211 1176 non
1237 1118 1363 1176 Deo
1393 1099 1532 1179 fuit
1541 1096 1806 1174 addictus
1832 1096 1989 1173 'fideli
2018 1128 2190 1193 atque
2218 1117 2389 1176 firmo
2415 1123 2644 1193 animo,

398 1206 573 1265 fidem
606 1202 857 1278 debitam
891 1213 1233 1262 constanter
1265 1206 1322 1261 ei
1353 1222 1473 1261 non
1506 1203 1827 1280 praestitit,
1872 1201 1947 1260 cf.
1977 1201 2139 1259 infra
2172 1200 2272 1259 Vs.
2299 1201 2406 1261 57.
2486 1234 2499 1244 ·

571 1375 631 1433 9.
703 1372 876 1433 Sicut
902 1370 1357 1450 filiinphr-aen
1394 1372 1643 1445 armati,
1674 1368 2056 1443 jaculatores
2097 1390 2270 1446 arcu,
2309 1374 2642 1451 sagittarii,

396 1468 716 1519 verterunt
760 1477 858 1532 se,
919 1458 1268 1535 fugerunt,
1298 1460 1363 1516 iu
1421 1459 1516 1517 die
1570 1456 1809 1536 proelii.
1894 1455 1982 1515 Ab
2029 1460 2292 1533 exemplo
2335 1463 2639 1535 majorum

393 1546 752 1627 generaliori
790 1543 1086 1601 descendit
1131 1550 1297 1601 vates
1341 1544 1417 1602 ad
1454 1544 1700 1619 speciale
1745 1538 2084 1599 defectionis
2123 1552 2226 1599 aut
2264 1546 2638 1620 pervicaciae

393 1631 757 1714 exemplum,
802 1629 873 1686 ab
903 1627 1285 1703 Ephraimitis
1321 1630 1679 1701 praebitum,
1725 1636 1792 1683 ut
1826 1626 2072 1701 proinde
2110 1645 2228 1684 non
2264 1628 2635 1694 incommode

393 1733 471 1773 ex
499 1714 597 1771 Vs.
627 1715 683 1771 8.
714 1714 900 1788 repeti
930 1714 1115 1787 possit
1145 1713 1436 1787 particula
1467 1711 1906 1778 similitudinis3
1945 1721 2013 1769 ut
2040 1730 2113 1769 ne
2144 1723 2335 1770 essent
2362 1716 2634 1801 Dnhcaez,

392 1808 453 1859 et
495 1808 646 1877 ’ποιῷ
700 1798 861 1854 sicut
900 1795 1037 1869 filii
1078 1793 1409 1873 Ephraim,
1467 1797 1790 1871 cujusmodi
1811 1794 2151 1873 exemplum
2193 1778 2635 1856 subaudiendae

391 1863 719 1961 partic‘ulae
751 1881 1158 1938 similitudinis
1187 1880 1384 1939 adfuit
1415 1881 1517 1952 58,
1546 1882 1628 1953 9.
1672 1880 1743 1937 cf.
1771 1878 2376 1961 coh.8‚1.1ntegri
2402 1880 2631 1940 Versus

390 1969 685 2025 sententia
716 1967 902 2044 igitur
932 1968 1066 2024 talis
1095 1975 1215 2023 est.
1261 1986 1334 2023 ne
1368 1967 1594 2023 similes
1623 1968 1746 2022 sint
1776 1963 2183 2038 Ephraimitis,
2218 1969 2324 2041 qui
2352 1970 2631 2042 quamvis

389 2054 480 2109 rei
528 2051 804 2108 militaris
846 2051 1223 2125 peritissimi,
1279 2051 1560 2108 instructi
1608 2052 1787 2108 armis
1827 2059 1885 2106 et
1926 2052 2176 2108 arcubus
2220 2049 2374 2107 nihil
2423 2058 2632 2109 tamen

388 2135 798 2213 profecerunt,
857 2135 961 2192 sed
997 2137 1217 2210 praelio
1254 2137 1562 2193 commisso
1597 2136 1660 2192 in
1693 2133 1893 2214 fugam
1931 2136 2195 2191 conversi
2236 2145 2392 2192 sunt.
2484 2137 2631 2193 Ale-

386 2218 719 2278 xandrinus
757 2218 1168 2312 num-*puin
1208 2219 1466 2279 reddidit
1500 2219 1886 2290 ἐκτείνοντες,
1932 2221 2346 2290 consentiente,
2388 2213 2632 2295 praeter

386 2296 731 2383 Vulgatum'
756 2313 817 2361 et
848 2287 1133 2377 Krabem,
1190 2307 1380 2361 etiam
1407 2304 1564 2382 Syro
1606 2306 1945 2380 interprete.
2029 2304 2152 2361 Nec
2197 2304 2408 2360 desunt
2449 2308 2643 2380 plane·

388 2389 566 2462 libri,
630 2391 733 2483 qui
769 2390 1147 2464 scriptionem
1191 2389 1315 2482 ἰύΓ
1324 2390 1376 2447 ’13
1419 2390 1690 2447 referant.
1777 2386 1894 2447 Sed
1932 2406 2053 2445 non
2088 2390 2322 2446 videtur
2358 2388 2630 2447 formula

384 2474 765 2562 872257'·125s‘·1:
806 2475 873 2529 in
905 2492 1015 2529 usu
1049 2475 1241 2549 posita
1267 2456 1448 2531 tuisse
1482 2475 1631 2550 apud
1660 2472 1979 2531 Hebraeos.
2066 2472 2330 2531 Ceterum
2363 2467 2513 2530 haec
2546 2474 2628 2533 ad

384 2539 693 2637 singulare
723 2558 974 2634 aliquod
990 2557 1207 2615 factum
1236 2568 1561 2633 respectum
1589 2558 1821 2629 habere,
1848 2556 2082 2614 dubium
2113 2559 2217 2614 vix
2246 2577 2369 2614 esse
2395 2567 2628 2635 potest,

384 2661 600 2720 quum,
655 2650 815 2699 recte
848 2643 1195 2700 observante
1226 2641 1625 2716 Schnurrero,
1679 2660 1855 2701 causa
1884 2660 2004 2716 non
2041 2643 2450 2721 intelligatur,
2511 2660 2625 2702 cur

382 2737 443 2784 et
474 2724 878 2799 Ephraimitae
906 2729 1130 2807 magis,
1188 2746 1362 2802 quam
1392 2726 1541 2801 alii,
1593 2738 1651 2786 et
1692 2746 1797 2785 cur
1837 2726 1949 2784 hoc
1989 2728 2238 2785 maxime
2274 2728 2407 2784 loco
2455 2747 2630 2786 com-

378 2810 745 2869 memorandi
785 2809 1025 2869 fuerint.
1110 2811 1190 2871 Et
1226 2813 1312 2869 ita
1353 2811 1585 2889 quidem
1623 2811 1801 2871 verba
1839 2820 2047 2871 nostra
2085 2820 2225 2867 sunt
2257 2823 2627 2887 comparata,

380 2901 452 2953 u't
493 2895 755 2971 aliquam
799 2905 1003 2970 poetae
1044 2892 1381 2979 aequalibus
1406 2897 1562 2957 bene
1599 2897 1898 2996 cognitam
1933 2916 2057 2959 rem
2098 2906 2319 2975 gestam
2362 2898 2625 2954 innuere

380 2980 645 3038 debeant.
710 2980 975 3080 „Atque,
1001 2998 1172 3081 quam
1188 2982 1369 3039 locus
1395 2979 1493 3038 hic
1522 2982 1798 3038 carminis
1827 2990 2086 3057 spectare
2116 2982 2321 3054 possit,
2349 2999 2624 3060 pugnam

375 3062 535 3122 baud
562 3061 787 3121 frustra
813 3067 1075 3141 requiras
1107 3067 1169 3123 in
1200 3065 1511 3122 annalibus
1534 3065 1811 3125 Judaicis.
1854 3062 2050 3123 2Chr.
2073 3066 2168 3122 13.
2188 3065 2432 3143 legitur,
2457 3066 2621 3123 bello

374 3147 583 3207 Abiam
614 3150 788 3221 inter,
830 3147 1198 3224 Iudaeorum,
1240 3161 1296 3208 et
1324 3150 1752 3221 Jeroboamum,
1785 3150 2187 3209 Israelitarum
2216 3167 2415 3226 regem
2449 3159 2620 3223 orto,

372 3234 539 3292 illum
577 3222 1037 3292 fortissimorum
1079 3233 1380 3295 hominum
1427 3228 1857 3314 quadringenta
1898 3235 2088 3293 millia
2124 3235 2189 3290 in
2232 3235 2416 3290 aciem
2456 3235 2619 3293 edu-

371 3319 567 3388 xisse,
611 3317 773 3375 hunc
810 3317 1009 3378 itidem
1039 3319 1496 3378 lectissimorum
1526 3317 2090 3396 fortissimorumque
2119 3320 2371 3375 militum
2401 3319 2614 3382 millia

370 3405 736 3481 octingenta.
808 3404 916 3462 llle
949 3423 1023 3462 ex
1056 3400 1254 3463 monte
1280 3404 1611 3461 Zemara’im
1641 3403 1706 3459 in
1739 3414 1938 3463 tractu
1965 3403 2389 3482 Ephraimitico
2422 3405 2617 3463 verba

368 3486 447 3544 ad
476 3486 782 3546 israelitas
822 3488 994 3563 facit,
1050 3488 1389 3548 Jerobeamo
1421 3485 1721 3564 perfidiam
1756 3491 1819 3546 in
1849 3508 2046 3571 regem
2083 3507 2117 3546 a
2144 3486 2272 3544 Deo
2303 3490 2610 3546 constitu-

367 3580 528 3644 tum,
575 3573 797 3648 Populo
833 3574 1146 3633 Sacrorum
1181 3575 1564 3631 mutationem
1601 3581 1659 3630 et
1693 3590 1729 3629 a
1756 3593 1896 3632 vero
1926 3573 2179 3633 Numine
2213 3571 2608 3632 defectionem

365 3656 719 3731 exprobrat,
785 3669 989 3717 eontra
1031 3677 1093 3715 se
1139 3675 1388 3734 suosque
1429 3658 1492 3715 in
1537 3659 1785 3731 pristina
1824 3660 2111 3740 religione
2151 3667 2209 3715 et
2246 3657 2494 3733 antiqua
2535 3659 2609 3716 in

360 3737 568 3798 Jovam
606 3741 724 3799 :fide
762 3744 1085 3819 perstitisse
1126 3741 1457 3821 gloriatur·
1527 3741 1672 3813 hoc,
1732 3762 1899 3820 quem
1946 3744 2037 3800 illi
2075 3742 2475 3814 deseruerint,
2538 3759 2608 3800 se

362 3842 536 3881 nunc
555 3824 703 3883 duee
731 3838 791 3885 et
829 3829 1062 3901 auspice
1093 3827 1212 3897 uti,
1265 3828 1392 3885 veri
1429 3826 1681 3893 nominis
1707 3828 2073 3901 sacerdotes,
2112 3828 2419 3883 classicum
2451 3844 2605 3885 mox

360 3913 663 3981 canturos,
702 3930 762 3969 se
793 3929 986 3969 secum
1014 3909 1253 3983 babere,
1294 3910 1474 3970 Jovae
1508 3912 1691 3988 ipsius
1723 3931 1847 3970 sese
1877 3930 2109 3970 causam
2136 3924 2345 3990 agere3
2391 3910 2604 3968 nolint

358 3991 550 4068 igitur
590 3992 871 4053 adversus
907 3992 1110 4051 Jovam
1143 3989 1369 4069 facere,
1429 4015 1464 4053 a
1479 3996 1805 4069 majoribus
1834 4000 2093 4073 ipsorum
2124 3999 2378 4068 cultum,
2436 3995 2604 4070 quod

311 4100 316 4111 Γ
358 4090 480 4131 ιιοιι
539 4082 730 4157 possit
786 4097 909 4136 non
960 4077 1253 4136 funestum
1299 4090 1569 4138 eventum
1618 4078 1846 4142 habere.
1936 4079 2169 4138 Deinde
2212 4097 2344 4141 cum
2387 4079 2602 4138 vident

353 4153 591 4235 Judaei,
649 4181 710 4219 se
744 4162 976 4220 insidiis
1016 4163 1438 4223 circumventos
1471 4182 1633 4235 esse,
1700 4178 1873 4243 atque
1912 4186 1951 4224 a
1988 4166 2190 4224 fronte
2235 4173 2311 4221 et
2339 4182 2374 4220 a
2402 4175 2595 4242 tergo

352 4247 591 4322 urgeri,
637 4245 816 4304 Jovae
854 4248 946 4304 sui
974 4244 1143 4304 fidem
1173 4249 1523 4325 implorant,
1565 4251 1961 4310 sacerdotibus
1995 4250 2164 4309 tubas
2197 4247 2595 4316 inflantibus;

350 4340 489 4388 mox
519 4327 720 4389 hostes
758 4349 795 4389 a
824 4328 951 4390 Deo
983 4331 1241 4409 perculsi
1285 4334 1351 4391 in
1391 4333 1593 4415 fugam
1629 4351 1693 4391 sa
1730 4337 2084 4413 conjiciunt,
2140 4343 2211 4399 et
2238 4333 2590 4395 horribilem
