2807 4913
1143 284 1431 372 Pe.·27,
1496 304 1558 352 ι.
2316 286 2460 359 175

242 467 455 539 nibus,
500 463 641 523 beno
670 469 942 545 precanti,
989 485 1137 545 quac
1163 466 1393 544 quidem
1421 468 1778 549 significatio
1811 470 2069 528 omnium
2094 474 2350 533 maxime
2376 488 2466 535 est

243 554 491 622 usitata.
571 549 855 612 Homines
883 571 1022 612 vero
1055 569 1187 610 cum
1215 551 1355 610 beno
1378 553 1638 632 precari
1675 555 1948 613 dicuntur
1977 552 2131 630 Deo,
2172 559 2296 617 sive
2324 559 2465 620 bono

245 636 318 694 de
360 656 430 693 eo
478 633 710 709 dicere,
768 636 843 695 id·
874 639 982 697 vix
1024 634 1185 695 aliud
1224 638 1540 715 quidquam
1578 639 1912 719 significare
1952 645 2205 717 poterit,
2265 663 2461 721 quam,

244 720 451 779 laudes
492 722 656 778 illius
686 721 1090 800 praedicare,
1144 741 1273 780 eum
1311 721 1649 795 celebrare,
1704 726 1900 782 animo
1944 727 2223 806 religioso
2263 740 2322 786 et
2363 732 2463 806 pio
2533 771 2538 782 .

244 809 370 880 ejus
415 808 740 883 potentiam
787 816 847 864 et
891 808 1212 866 bonitatem
1256 805 1495 881 efferte,
1554 809 1777 887 gratias
1824 815 2063 890 ageres
2090 815 2176 871 ita
2218 812 2277 873 h.
2317 817 2357 873 1.
2387 824 2463 874 ‚et

245 890 341 949 P-s.
378 893 482 965 16,
514 894 572 949 7.
616 892 722 966 28,
756 894 816 950 6.
868 893 1007 966 103,
1046 889 1099 951 l‘.

1187 1020 1326 1121 rs.
1356 1063 1490 1123 -27,

420 1178 503 1238 Et
529 1177 628 1235 bic
659 1176 944 1249 Psalmus,
985 1186 1053 1234 ut
1085 1177 1211 1252 26,
1249 1187 1445 1260 preces
1476 1180 1738 1236 continet
1770 1181 1853 1255 pii
1888 1181 1947 1237 in
1979 1182 2234 1256 periculo
2265 1186 2461 1260 aliquo

248 1265 476 1344 insigni
514 1265 857 1333 constituti,
917 1264 978 1319 in
1021 1282 1134 1340 quo
1179 1283 1240 1355 ξε
1282 1264 1684 1321 recordatione
1724 1264 1909 1324 divini
1948 1269 2220 1343 promissi
2258 1282 2461 1327 contra

247 1350 589 1429 ingruentia
633 1350 786 1405 mala
825 1343 1136 1423 plurimum
1178 1350 1433 1420 animat,
1476 1349 1895 1424 victoriamque
1940 1350 2009 1406 de
2047 1349 2346 1424 hostibus,
2403 1364 2461 1412 et

247 1435 628 1509 tranquillam
674 1434 735 1489 in
772 1433 1079 1509 religionis
1118 1431 1328 1500 studiis
1370 1434 1583 1503 vitam,
1634 1433 1746 1490 sibi
1776 1434 2103 1509 pollicitus,
2146 1436 2216 1493 de
2248 1437 2464 1496 celebri

247 1521 574 1597 gratiarum
603 1520 835 1574 actione
864 1527 1064 1583 votum
1098 1527 1417 1592 nuncupat,
1459 1519 1655 1592 sicque
1685 1520 1904 1592 optima
1936 1535 2037 1591 spe
2066 1519 2462 1594 confirmatus,

248 1621 419 1679 opem
463 1599 577 1658 Dei
624 1602 929 1677 implorat,
987 1600 1294 1676 docerique
1344 1620 1407 1659 se
1450 1604 1632 1659 vitam
1678 1599 1858 1659 Jovae
1904 1613 2132 1682 gratam
2176 1616 2465 1682 precatus,

246 1689 465 1745 iterum
497 1686 571 1743 ad
597 1684 888 1744 fidendum
914 1683 1147 1744 fortiter
1173 1685 1301 1743 Deo
1330 1695 1509 1744 semet
1539 1688 1724 1762 ipsum
1753 1685 2046 1745 hortatur.

423 1792 615 1858 Quum
659 1785 881 1847 Davidi
926 1786 1149 1844 tribuat
1193 1788 1504 1860 inscriptio
1554 1787 1879 1862 Psalmum,
1942 1800 2262 1865 quaerunt,
2320 1810 2460 1851 num

251 1876 605 1950 periculum,
655 1875 725 1931 de
764 1889 881 1948 quo
912 1870 1014 1929 Vs.
1048 1873 1109 1928 2.
1144 1880 1205 1927 et
1245 1873 1304 1928 3.
1347 1875 1704 1949 loquuntur,
1750 1892 1786 1930 a
1822 1873 2030 1947 Saule,
2090 1894 2167 1932 an
2204 1895 2345 1934 vero
2387 1878 2460 1934 ab

237 1961 476 2026 ,exteris
504 1958 791 2027 hostibus,
829 1974 907 2013 an
938 1956 1184 2032 denique
1210 1956 1285 2012 ab
1313 1957 1624 2015 Absalomo
1658 1955 1878 2017 fuerit?
1961 1959 2219 2017 Graecus
2251 1961 2464 2018 titulus

251 2042 472 2099 Psalmi
512 2040 718 2114 habet,
768 2042 1049 2116 scriptum
1090 2057 1213 2096 esse
1253 2058 1288 2096 a
1325 2040 1589 2112 Davide‚
1648 2051 1957 2118 antequam
1999 2061 2105 2100 rex
2147 2057 2466 2124 ungeretur

252 2123 410 2205 (πρὸ
452 2127 561 2188 τοῦ
597 2119 988 2207 χωσθῆναι).
1073 2125 1236 2191 Quae
1280 2126 1588 2199 inscriptio
1634 2126 1704 2182 de
1746 2127 1855 2182 illa
1896 2129 2126 2202 privata
2165 2119 2464 2202 unctione,

253 2230 373 2288 qua
416 2213 479 2268 in
521 2212 692 2269 domo
729 2211 915 2288 patris
960 2210 1085 2281 sui,
1142 2218 1202 2265 et
1238 2211 1392 2266 inter
1422 2207 1633 2265 fratres
1659 2214 1830 2281 s'uos,
1874 2210 2051 2268 Saule
2084 2211 2271 2269 adbuc
2305 2214 2463 2286 vivo,

254 2296 357 2353 sed
394 2297 516 2369 jam
558 2315 594 2353 a
631 2290 786 2353 Jova
824 2295 1071 2367 rejecto,
1113 2311 1146 2349 a
1187 2291 1488 2364 Samuele,
1530 2294 1802 2352 mandato
1838 2293 2077 2367 divino,
2114 2314 2223 2353 rex
2253 2306 2463 2354 unctus

254 2378 372 2438 fuit
410 2378 468 2458 (l
494 2379 656 2439 Sam.
700 2374 872 2460 16.)‚
916 2379 984 2436 de
1017 2376 1125 2434 hac
1159 2378 1345 2460 igitur
1376 2381 1651 2448 unctione
1684 2381 1868 2455 accipi
1897 2379 2119 2438 Graeca
2147 2381 2463 2455 ,inscriptio

254 2484 445 2540 neque
483 2476 707 2541 potest,
770 2483 956 2540 neque
1000 2462 1181 2520 debet.
1266 2461 1430 2537 Nihil
1479 2465 1632 2520 enim
1674 2464 1862 2522 adhuc
1903 2467 2289 2540 periculorum
2340 2475 2463 2523 tum

254 2551 489 2625 quidem
531 2551 609 2607 ab·
641 2549 941 2620 hostibus,
996 2566 1179 2623 neque
1218 2568 1252 2606 a
1294 2547 1506 2620 Saule,
1545 2567 1728 2629 neque
1756 2550 1925 2620 aliis,
1968 2549 2158 2608 David
2191 2559 2464 2621 expertus

253 2644 403 2692 erat.
486 2633 576 2691 De
604 2637 787 2692 altera
813 2634 1000 2712 igitur
1034 2636 1329 2703 unctione,
1374 2632 1491 2703 vel,
1532 2642 1600 2690 ut
1628 2640 1896 2691 accurate
1922 2637 2246 2711 loquamur,
2287 2636 2475 2692 tertia*

251 2721 379 2792 illa,
423 2719 888 2795 interpretandus
919 2719 1033 2774 erit
1065 2716 1322 2776 Graecus
1356 2719 1589 2787 titulus,
1639 2736 1754 2794 qua
1785 2718 2031 2791 publice,
2072 2720 2224 2775 sicut
2255 2727 2463 2776 octavo

254 2822 414 2861 anno
446 2813 613 2876 ante,
653 2801 923 2860 Hebrone
952 2800 1079 2860 Rex
1105 2800 1321 2873 Judae,
1357 2803 1444 2859 ita
1476 2810 1598 2858 tum
1632 2802 1890 2863 omnium
1923 2805 2179 2861 tribuum
2212 2802 2465 2878 Israelis,
2513 2829 2517 2833 ·

254 2887 755 2945 consentientibus
783 2887 1116 2957 sententiis,
1158 2906 1262 2944 rex
1301 2895 1550 2957 unctus,
1593 2897 1821 2943 creatus
1860 2896 1919 2945 et
1947 2887 2321 2946 renunciatus
2350 2886 2472 2946 fuit

255 2969 328 3049 (2
347 2972 507 3030 Sam.
540 2968 652 3050 5.).
742 2974 927 3047 Atque
960 2973 1044 3027 ita
1075 2967 1442 3029 Saulicarum
1476 2972 1923 3029 insectationum
1959 2973 2311 3047 temporibus
2343 2972 2468 3029 edi-

251 3071 351 3114 tus
385 3060 580 3132 putari
613 3059 803 3136 possit
831 3055 1111 3126 Psalmus‚
1157 3058 1366 3131 quibus
1397 3065 1456 3112 et
1487 3073 1802 3134 congruere
1829 3057 2042 3114 volunt
2068 3056 2307 3112 Versum
2345 3058 2466 3129 10„-

257 3160 374 3218 quo
407 3144 749 3217 parentibus
784 3159 846 3198 se
881 3142 1083 3198 orbum
1114 3142 1411 3217 queritur,
1455 3159 1562 3197 nec
1599 3158 1720 3197 non
1755 3138 1996 3197 Versum
2030 3141 2158 3212 12,
2214 3158 2344 3216 quo*
2368 3158 2467 3197 ca-

255 3228 682 3283 lumniatorum
736 3227 1086 3284 mentionem
1137 3224 1302 3284 facit.
1390 3224 1665 3282 Attamen
1710 3224 1866 3300 quod
1926 3244 1991 3282 se
2039 3243 2074 3282 a
2132 3224 2467 3300 parentibus

255 3311 598 3390 derelictum
625 3313 896 3387 queritur
925 3317 1126 3381 vates,
1161 3327 1522 3386 nequaquam
1551 3309 1624 3366 ad
1654 3308 2037 3367 definiendum
2064 3319 2310 3384 tempus,
2351 3327 2467 3384 quo

194 3394 199 3401 ’
255 3394 479 3452 factum
512 3396 592 3451 sit
624 3414 875 3467 carmen,
917 3393 1227 3470 quidquam
1258 3393 1470 3467 facere,
1505 3393 1579 3450 ad
1608 3392 1704 3449 Vs.
1734 3397 1829 3454 10.
1858 3394 2197 3451 videbimus.
2264 3391 2470 3450 Preces

255 3494 397 3537 vero
441 3480 716 3536 adversus
750 3479 1196 3536 calumniatores
1237 3480 1627 3558 generaliores
1664 3487 1837 3552 sunt,
1877 3496 2048 3554 quam
2087 3488 2153 3535 ut
2183 3478 2255 3535 ad
2286 3476 2473 3535 Davi·

260 3565 388 3620 dem
438 3582 539 3621 eos
582 3566 862 3642 restringi
907 3581 1137 3620 necesse
1181 3565 1277 3619 sit.
1361 3565 1557 3631 Quare
1600 3564 1664 3619 in
1703 3564 2037 3620 universum
2082 3561 2194 3619 hoc
2232 3555 2470 3618 Psalmo

258 3647 552 3705 bominem
586 3646 781 3705 studio
815 3651 1004 3705 cultus
1034 3645 1222 3704 divini
1251 3647 1546 3706 ardentem
1584 3656 1642 3703 et
1680 3645 2016 3704 amoreffDei
2053 3648 2315 3723 plenum,
2370 3645 2471 3702 sed

260 3733 332 3788 ab
366 3734 562 3809 impiis
597 3734 972 3809 popularibus
1005 3733 1363 3809 exagitatum
1383 3773 1402 3804 ,
1437 3732 1642 3790 ‘induci
1672 3732 1928 3804 arbitor,
1971 3734 2073 3807 qui
2106 3750 2166 3788 se
2199 3730 2474 3789 recorda-

258 3818 421 3873 tione
461 3816 654 3874 divini
690 3818 959 3893 promissi
998 3826 1202 3875 contra
1242 3819 1581 3897 ingruentia
1608 3818 1762 3873 mala
1793 3818 2046 3889 animat,
2099 3825 2157 3873 et
2189 3813 2263 3874 ad
2291 3814 2476 3875 fiden-

262 3899 396 3958 dum
430 3900 666 3959 fortiter
703 3902 829 3959 Deo
864 3909 1043 3958 semet
1074 3902 1257 3977 ipsum
1290 3901 1584 3960 hortatur.

439 4019 492 4073 1.
553 4018 837 4091 .Εκ1ιί1)οζ
872 4036 969 4087 se,
1030 4027 1303 4095 tanquam
1341 4021 1463 4093 jam
1499 4039 1690 4077 secum
1723 4018 2181 4097 magnitudinem
2215 4012 2478 4092 periculi,

260 4104 325 4158 in
361 4122 477 4179 quo
510 4113 658 4175 erat,
701 4103 1185 4177 considerantem,
1227 4115 1285 4162 et
1313 4106 1512 4161 statim
1542 4105 2002 4161 consideratione
2027 4102 2224 4174 Jovae,
2266 4102 2326 4156 in
2361 4117 2476 4174 quo

258 4205 487 4244 omnem
519 4205 678 4263 spem
706 4189 1126 4261 collocaverat,
1172 4188 1454 4266 quidquid
1485 4189 1545 4246 id
1569 4198 1724 4261 erat,
1762 4187 2076 4245 fortissime
2107 4195 2479 4242 contemnen-

154 4292 167 4297 ·
255 4283 412 4343 tem,
470 4274 829 4349 salutemque
867 4273 980 4329 sibi
1027 4276 1346 4332 certissime
1390 4275 1840 4349 promittentem.
1915 4272 2279 4358 ’ἾἾῆΝη-ιᾏπᾏ
2332 4266 2484 4323 Imm

252 4357 365 4413 lux
399 4373 562 4430 nea,
599 4357 749 4420 Jova
770 4365 872 4415 est
910 4357 1043 4428 ille,
1087 4361 1250 4437 eujus
1278 4359 1455 4416 ductu
1482 4358 1827 4437 diriguntur
1857 4373 2052 4413 omnes
2083 4352 2330 4432 gressus·
2354 4351 2486 4414 mei,
