2807 4913
958 313 1077 380 Pe.
1129 333 1153 376 ι
1170 308 1293 398 04,
1332 310 1558 381 6--1
1576 333 1666 380 oe»
2263 316 2410 419 5533

203 513 375 575 quam
407 493 769 567 femininum,
810 488 957 556 Gen.
977 499 1039 568 7,
1064 499 1160 554 11.
1202 496 1308 556 Ez.
1324 487 1441 569 31,
1464 493 1586 578 21.)‚
1631 495 1744 555 hoc
1774 483 1981 559 modo}
2023 497 2108 556 ad
2142 499 2417 577 abyssum

201 580 363 659 quod
399 581 647 652 attinet,
685 580 844 638 velut
883 582 1165 638 amictum
1197 602 1327 640 eam
1368 583 1728 656 obduret-as,
1768 592 1872 639 aut
1911 592 1982 639 ut
2023 592 2418 662 tegumentum

200 669 576 743 imposueras
608 673 831 738 terrae,
866 665 1154 742 quomodo
1180 670 1416 726 verbum
1446 679 1590 748 rma·
1621 678 1680 725 et
1708 668 1877 725 Dent.
1900 670 1998 741 13,
2018 671 2076 724 9.
2111 671 2214 727 En.
2235 674 2413 743 24,7.

199 752 306 823 31,
340 748 435 807 15.
492 748 641 807 Hah.
675 750 747 824 2,
782 752 877 809 14.
919 763 1250 828 usurpatur.
1333 737 1556 811 Sensus
1604 756 1707 810 vix
1751 753 1968 811 dubius
2010 771 2137 811 esse
2187 765 2378 830 potest
2395 774 2418 820 :A

200 852 385 911 aquae
428 834 762 910 operiebant
802 846 1019 892 terram
1064 845 1284 909 totam,
1348 839 1507 899 sicut
1553 839 1733 896 vestis
1782 855 1992 913 corpus
2040 840 2192 919 tegit
2240 851 2416 917 atque

198 917 427 994 induit3
484 921 853 998 mergebatur
883 930 1042 978 terra
1071 924 1238 997 aquis
1272 924 1390 994 ita,
1447 930 1518 978 ut
1553 933 1778 980 montes
1811 924 1992 980 etiam
2024 940 2208 1000 aquae
2242 942 2414 1002 supe-

115 1063 119 1067 ,
196 1013 427 1077 tarent,
461 1021 584 1060 non
616 1005 810 1061 miuus
842 1021 1014 1081 quam
1048 1004 1365 1063 diluvionis
1395 1024 1600 1081 aquae,
1650 1002 1884 1078 Gen.'7,
1922 1008 2019 1064 19.
2039 1010 2169 1067 20.·

364 1115 425 1172 7.
512 1119 731 1204 3172&
743 1107 878 1199 *νς
911 1111 999 1172 Ab
1030 1101 1446 1193 increpatiohe
1481 1124 1610 1188 tua,
1652 1112 1709 1171 h.
1736 1134 1786 1171 e.
1819 1133 1854 1171 a
1886 1135 2087 1175 severo
2118 1118 2415 1193 mandato,

198 1199 368 1274 quasi
396 1217 526 1255 cum
557 1191 1033 1256 interminatione
1057 1201 1386 1274 conjuncta,
1430 1212 1496 1257 ut
1526 1198 1677 1257 Nah.
1704 1203 1758 1272 l,'
1777 1201 1839 1255 4.·
1878 1199 1969 1257 Ps.
1998 1203 2059 1273 9,
2081 1203 2142 1259 6.
2196 1206 2414 1276 18,16.

199 1280 292 1339 De
326 1284 505 1341 verbo
549 1295 669 1370 ἵξῃ
716 1284 833 1341 vid.
879 1285 983 1355 48,
1007 1285 1072 1341 6.
1159 1292 1349 1366 ῆηξῆ-
1400 1280 1666 1371 δην-ἰη
1722 1285 1774 1341 Α
1817 1275 1964 1354 ,uoce
2018 1288 2248 1345 tonitru
2299 1287 2456 1362 tun,
2545 1296 2550 1301 ·

196 1368 241 1424 i.
273 1386 321 1424 e.
344 1385 561 1428 avoce
590 1371 783 1425 instar
810 1371 1036 1425 tonitru
1068 1366 1249 1443 super‘
1269 1372 1432 1427 illam
1462 1367 1802 1448 voraginem
1831 1371 2006 1427 edita.
2090 1371 2223 1429 Etsi
2258 1376 2416 1432 enim

201 1453 440 1509 tonitru
464 1471 630 1527 saepe
659 1455 996 1510 nominatur
1022 1455 1086 1511 in
1113 1453 1364 1512 Psalmis
1395 1472 1515 1511 vox
1540 1452 1661 1511 Dei
1689 1450 1783 1525 (cf,
1815 1457 1921 1527 29,
1947 1451 2056 1534 3.),
2083 1453 2194 1520 hoc
2219 1467 2413 1515 tamen

198 1538 332 1595 loco
359 1555 481 1646 ripn
513 1539 582 1595 de
607 1547 943 1613 tempestate
974 1540 1120 1612 ulla,
1148 1538 1218 1594 de
1248 1557 1363 1616 qua
1386 1549 1447 1597 et
1476 1537 1627 1596 nihil
1654 1548 1742 1596 est
1771 1540 1835 1597 in
1861 1538 2111 1597 historia
2133 1539 2413 1614 Mosaica,

198 1621 300 1680 sed
331 1622 401 1680 de
430 1640 575 1679 voce
604 1623 934 1680 mandantis
965 1621 1112 1696 Dei,
1165 1633 1234 1681 ut
1264 1619 1662 1687 εἰδωλοποιῗίᾰ
1702 1623 2083 1718 poeticalhoc
2125 1626 2414 1701 accipien-

199 1703 357 1763 dum.
442 1706 660 1765 Sensus
693 1716 816 1779 est,
855 1707 929 1764 ad
961 1726 1160 1766 vocem
1190 1711 1524 1767 mandantis
1556 1709 1702 1781 Dei,
1746 1718 2023 1786 tanquam
2056 1709 2131 1767 ad
2163 1714 2415 1782 tonitru,

197 1790 537 1849 terrefactus
573 1808 752 1867 aquas
792 1795 1142 1851 concessisse
1185 1796 1387 1852 statim
1423 1813 1541 1871 quo
1577 1795 1968 1867 juberentur,
2015 1805 2188 1871 atque
2226 1796 2309 1851 ita
2351 1795 2413 1852 id

200 1877 578 2017 chmelntum,
639 1875 795 1952 quod
833 1887 923 1934 est
962 1880 1179 1937 terrori
1220 1881 1524 1953 omuibus,
1577 1881 1651 1938 ad
1690 1880 1965 1939 mandata
2001 1880 2281 1938 creatoris
2320 1877 2416 1936 sui

180 1962 352 2037 ,trepi
391 1977 539 2017 asse.
808 1979 813 1984 “

372 2063 430 2120 8.
513 2064 723 2147 mvsa:
788 2070 934 2145 ³5⁸2:
991 2069 1181 2126 ΒΨἿΠ
1210 2061 1349 2144 ιδῃ
1390 2064 1628 2124 Montes
1672 2064 1891 2140 efferre
1943 2080 2041 2137 se,
2115 2072 2177 2123 et
2231 2051 2416 2122 valles*

201 2144 507 2221 subsidere
549 2127 897 2227 coeperunt:
976 2133 1272 2207 Dicuntur
1306 2128 1450 2206 iraec
1480 2152 1596 2221 sic,
1650 2151 1801 2203 sicut
1832 2146 1901 2204 de
1932 2150 2222 2206 eluvionis
2250 2150 2417 2224 aquis

199 2232 661 2290 decrescentibus
681 2233 873 2292 ovid.
907 2231 1147 2290 Metam.
1181 2233 1238 2306 l,
1267 2233 1414 2291 344.
1471 2231 1747 2290 Flumina
1788 2230 2138 2303 subsidunt,
2192 2241 2420 2290 montes

198 2318 373 2374 exire
405 2318 704 2375 videntur.
770 2316 969 2375 Taiem
997 2319 1152 2375 enim
1178 2320 1422 2393 speciem
1448 2336 1542 2376 res
1570 2314 1743 2374 habet
1765 2317 2214 2392 aspectantibus,
2251 2317 2418 2391 quasi

197 2418 321 2461 non
353 2420 567 2479 aquae,
623 2403 722 2462 sed
763 2410 1022 2473 montes,
1079 2411 1137 2460 et
1179 2403 1395 2462 fundus
1435 2403 1585 2461 alvei
1627 2412 1961 2475 moveatur,
2015 2411 2080 2480 et¹
2117 2399 2213 2459 hic
2252 2400 2431 2475 fidat,

201 2488 292 2544 illi
338 2506 480 2544 vero
522 2496 787 2566 surgant.
877 2485 1187 2546 Possumus
1233 2497 1294 2545 et
1333 2489 1679 2564 simpliciter
1719 2480 2159 2561 interpretari(
2190 2494 2417 2543 montes

200 2572 491 2645 eminere,
549 2580 609 2629 ct
651 2572 892 2649 vallium
945 2571 1062 2627 ima
1111 2591 1385 2649 apparere
1425 2581 1755 2648 coeperunt.
1842 2566 1961 2630 S'ed
2004 2572 2288 2642 alterum,
2350 2580 2419 2628 ut

200 2648 719 2734 ποιητικῶἐερον,
748 2716 755 2723 ,
776 2657 1026 2730 poemati
1080 2660 1267 2737 magis
1314 2658 1609 2738 congruit.
1708 2655 1833 2714 Alii
1888 2675 2064 2729 vero,
2122 2655 2415 2714 Chaldaeo

201 2750 460 2813 auctore,
490 2740 563 2798 ad
591 2740 779 2818 aquas
814 2739 955 2797 haec
985 2741 1265 2815 referunt,
1296 2742 1408 2800 hoc
1435 2740 1641 2800 modo:
1686 2741 2144 2799 conscenderunt
2171 2748 2416 2814 montes,

201 2834 271 2882 et
303 2827 635 2900 petiverunt
673 2827 886 2897 valles,
941 2842 1169 2889 sursum
1211 2828 1479 2886 deorsum
1520 2824 1777 2898 ruendo,
1835 2836 1902 2884 ut
1939 2827 2309 2903 pervenirent
2342 2825 2418 2884 ad
2493 2828 2500 2841 '

200 2910 334 2968 loca
372 2912 673 2987 assignata
713 2911 1009 2985 alveorum
1044 2929 1306 2981 suorum.
1393 2912 1535 2970 Vel:
1593 2911 1935 2987 praecipites
1966 2928 2067 2987 per
2102 2920 2329 2967 montes
2359 2918 2418 2967 et

94 3025 99 3029 ·
199 2995 385 3065 valles
419 2997 694 3067 ruebant,
757 2996 1139 3072 petebantque
1182 3000 1310 3054 loca
1349 2999 1508 3069 ima,
1569 2998 1652 3053 eis
1690 2998 2008 3074 assignata.
2092 2989 2418 3080 nisan-bks

200 3075 333 3165 Βηξ
378 3090 546 3166 ¹27²?ss
586 3091 668 3166 »71
716 3080 816 3138 Ad
854 3079 1059 3152 locum,
1109 3100 1274 3159 quem
1319 3081 1703 3141 constituisti
1737 3079 1894 3153 illia,
1948 3078 2019 3135 cf.
2043 3079 2198 3136 Gen.
2232 3056 2289 3151 l,
2322 3080 2418 3137 10.

198 3163 426 3223 Nomen
446 3159 618 3254 ὀἥρξ
654 3169 717 3223 in
745 3176 904 3223 statu
933 3177 1268 3224 constructo
1296 3170 1535 3245 ponitur
1561 3175 1696 3222 ante
1724 3165 2069 3240 particulam
2094 3164 2420 3236 relativam,

200 3258 272 3306 ut
303 3249 449 3307 Gen.
473 3252 576 3322 39,
605 3252 705 3309 20.
745 3254 851 3325 40,
878 3252 934 3307 3.
975 3250 1110 3310 Lev.
1133 3253 1195 3325 4,
1216 3253 1318 3310 24.
1351 3285 1439 3325 -ε
1481 3261 1563 3328 ³71
1600 3246 1818 3323 Istum,
1851 3267 2053 3328 quem,
2099 3265 2419 3322 pronomen

74 3332 99 3339 “
202 3332 716 3394 demonstrativum
743 3334 843 3393 hic
866 3335 1107 3396 relative
1134 3339 1443 3413 accipitur,
1468 3329 1562 3393 vei
1589 3337 1791 3393 saltem
1813 3335 2122 3394 relativum
2154 3330 2420 3403 includit,

201 3427 271 3477 ut
315 3416 416 3474 Vs.
450 3420 554 3476 26.
615 3420 709 3478 Ps.
744 3425 857 3493 74,
882 3423 944 3477 2.
1001 3421 1172 3480 Prov.
1202 3425 1304 3496 23,
1334 3425 1442 3480 22.
1529 3419 1776 3477 Videtur
1815 3402 1934 3477 hoc
1986 3417 2157 3474 colon
2200 3418 2418 3475 rectius

202 3501 415 3560 referri
457 3502 532 3560 ad
572 3507 726 3562 solas
768 3523 980 3582 aquas,
1038 3525 1207 3582 quam
1247 3508 1322 3565 ad
1349 3508 1640 3565 montium
1677 3514 1737 3560 et
1776 3505 2014 3562 vallium
2046 3505 2213 3575 loca,
2271 3518 2417 3576 quae
2451 3568 2454 3571 Α

92 3596 105 3601 Ἢ
201 3584 392 3645 sedem
422 3605 586 3645 suam
620 3607 929 3666 numquam
959 3601 1295 3665 mutarunt,
1354 3589 1456 3647 sed
1492 3606 1677 3668 aquae
1713 3589 1907 3662 jussae
1942 3596 2081 3644 suut
2114 3585 2311 3642 cedere
2344 3601 2419 3642 ex

204 3671 281 3728 iis
313 3673 481 3740 locis,
528 3691 674 3750 quae
711 3676 774 3730 in
801 3673 911 3746 his,
950 3685 1084 3732 ante
1115 3677 1310 3734 alveos
1337 3694 1498 3749 suoS,
1541 3682 1920 3746 occuparunt,
1955 3682 2019 3730 et
2048 3673 2309 3747 sequitur
2337 3669 2421 3723 sic

143 3774 147 3777 ’
205 3757 560 3815 commodius
594 3759 667 3816 ad
695 3757 803 3815 hoc
831 3756 1043 3834 Versus
1073 3763 1391 3835 proximu&
1478 3754 1808 3819 Secunduai
1844 3759 1989 3815 alios
2022 3766 2218 3812 tamen
2243 3758 2419 3811 esset:

207 3838 292 3896 ita
319 3840 511 3917 locum
539 3854 742 3919 postca
773 3863 939 3900 suum
972 3845 1352 3902 obtinuerunt
1381 3828 1925 3949 singulasyfflontes
1960 3842 2205 3911 scilicet,
2246 3838 2426 3895 valles

207 3932 267 3982 et
296 3943 496 4001 aquae,
539 3946 707 4003 quem
745 3929 828 3985 eis
861 3929 1213 4006 assignaras.
1503 3952 1592 3991 „s

377 4029 436 4087 9.
518 4029 760 4088 Limites
797 4048 935 4088 suos
977 4031 1252 4109 pepigisti
1291 4032 1497 4108 aquis,
1550 4048 1695 4107 quos
1733 4045 1855 4084 non
1878 4022 2426 4103 transgrediantur,

206 4128 391 4187 neque
420 4123 633 4174 terram
665 4124 993 4173 exstantem
1024 4116 1232 4172 iterum
1262 4118 1531 4175 obruant.
1594 4114 1677 4173 Hi
1704 4130 1845 4171 vero
1871 4112 2088 4195 limites
2117 4117 2254 4166 sunt
2280 4106 2430 4163 mari

208 4197 407 4270 litora,
449 4208 508 4255 et
535 4202 693 4276 ripae
725 4199 1083 4272 fluminibus,
1131 4201 1341 4277 quibus
1369 4202 1529 4258 intra
1555 4202 1752 4258 alveos
1784 4213 1920 4252 suos
1948 4195 2345 4252 continentur·

386 4310 484 4365 10.
572 4308 871 4367 Scaturire
925 4309 1067 4367 facis
1107 4308 1331 4382 fontes,
1402 4284 1646 4387 5³⁷2,ng
1686 4309 1752 4364 in
1802 4312 2150 4375 terremus
2185 4302 2227 4359 i.
2266 4319 2316 4356 e.
2364 4298 2435 4355 de
2491 4360 2496 4365 ,

211 4392 423 4470 quibus
465 4391 583 4450 rivi
626 4403 1009 4470 promanant,
1074 4405 1132 4452 et
1174 4393 1417 4465 flumina
1464 4375 1766 4468 existunt,
1834 4410 1978 4479 quae
2020 4391 2176 4447 inoer
2213 4394 2438 4445 montes
2635 4446 2670 4457 s

2383 4584 2562 4639 a!
