2807 4913
361 219 534 299 328.
1118 171 1245 298 Pe.
1288 225 1410 314 50,
1464 223 1820 297 ιιι-14.

363 410 556 472 labori
589 407 685 469 vel
720 424 887 468 escae
922 405 1225 470 hominum
1259 405 1645 486 inservientia
1681 407 1832 490 (vid.
1863 410 2008 470 Gen.
2041 410 2067 467 1
2078 402 2276 490 ,2.5)
2359 416 2589 505 ’'¹2''an

365 491 501 584 nbis,
535 490 613 553 In
656 492 950 553 montibus
981 494 1243 568 millium,
1287 494 1327 551 i.
1357 515 1407 552 e.
1436 497 1503 553 in
1534 497 1740 573 quibus
1774 497 2068 553 montibus
2100 495 2442 574 agminatim
2464 478 2581 552 de-

289 629 290 640 ,
366 589 518 663 gunt
547 586 906 657 poscuntque
936 597 1161 659 greges.
1235 577 1407 637 Sicut
1437 577 1603 638 Cant.
1631 584 1692 654 4,
1723 585 1780 642 8.
1811 588 2036 637 montes
2068 578 2399 658 pardorum
2432 581 2580 637 tales

366 673 506 722 sunt
532 672 794 735 montes,
850 663 954 721 ubi
990 664 1157 739 pardi
1186 659 1486 738 habitant,
1527 666 1612 723 ita
1643 674 1703 723 et
1730 663 1788 721 h.
1816 665 1859 722 1.
1892 673 2086 720 monte
2154 663 2394 720 millium
2431 666 2579 719 tales

368 746 644 806 dicuntur
672 757 917 821 montes,
952 748 1055 820 ubi
1079 749 1274 806 millia
1302 747 1521 827 degunt
1543 752 1822 824 jumenta.
1904 747 2063 806 Hinc
2138 747 2410 806 utherus:
2458 744 2586 820 auf

366 831 477 892 den
506 832 768 909 Bergae,
815 831 894 889 da
936 833 1026 890 sie
1067 829 1173 910 bey
1213 834 1468 892 tauoend
1501 832 1711 911 gehen.
1792 834 1942 892 Aliis
1979 829 2110 930 ηξιι
2143 833 2460 911 singularis
2489 840 2582 889 est

362 920 477 980 τοῦ
508 911 709 1005 ψῦξις
734 916 903 974 boves
937 913 1062 997 (Ps.
1092 919 1149 991 8,
1181 919 1216 975 8
1222 911 1289 994 .),
1337 920 1635 977 collective
1667 918 1722 976 h.
1750 918 1789 975 l.
1822 897 2210 992 accipiendus,
2254 924 2322 973 ut
2352 925 2580 974 montes

367 1000 535 1068 boum
577 982 709 1058 sint
728 1010 953 1059 montes
987 1004 1146 1078 pleni
1176 1004 1370 1088 boum.
1455 1002 1548 1061 lta
1574 1003 2043 1076 Alexandrinus,
2086 1020 2256 1079 quem
2283 999 2579 1081 vulgatus

364 1084 667 1166 Syrusque
703 1095 1046 1168 sequuntur.
1397 1103 1409 1110 “

542 1189 639 1247 11.
723 1192 896 1272 Βήτξ
949 1179 1225 1275 τῇδ’-55
1281 1198 1478 1277 ἠιξ-ιζ
1527 1183 1686 1246 Novi
1732 1205 1925 1246 omnes
1969 1183 2236 1246 volueres
2277 1186 2578 1259 montium,

364 1271 411 1332 i.
442 1291 490 1331 e.
519 1289 664 1349 quae
695 1273 759 1329 in
787 1273 908 1329 alto
935 1279 996 1328 et
1022 1288 1198 1347 supra
1229 1269 1454 1345 mont'es
1452 1256 1706 1348 volant,
1750 1272 2035 1373 quomodo
2067 1288 2102 1327 a
2128 1271 2355 1329 Latinis
2386 1273 2575 1346 poetis

364 1363 581 1416 aereae
621 1364 930 1428 vocantur,
973 1364 1033 1412 et
1062 1355 1132 1412 ab
1167 1342 1448 1415 Hebraeis
1481 1357 1629 1415 alias
1672 1360 1901 1446 mmm-„t
1938 1359 2052 1442 qim
2092 1354 2364 1414 volatilia
2406 1355 2575 1414 coeli.

361 1441 513 1503 Aves
543 1442 751 1522 igitur,
790 1441 984 1517 inquit
1012 1437 1205 1515 Deus,
1249 1445 1511 1519 quamvis
1544 1426 1997 1500 innumerabiles
2020 1442 2162 1514 sint,
2205 1440 2348 1498 mihi
2381 1449 2577 1497 tamen

361 1528 650 1607 singulae
665 1533 804 1583 sunt
845 1533 1019 1581 notae
1055 1533 1113 1582 et
1150 1528 1529 1627 exploratae,
1581 1526 1825 1605 ideoque
1851 1525 2019 1584 facile
2051 1526 2141 1582 uti
2172 1525 2288 1581 illis
2318 1543 2577 1623 possum,

270 1618 278 1627 ‘
363 1613 592 1689 quoties
633 1610 890 1669 voluero.
975 1607 1156 1682 Tam,
1213 1611 1330 1667 imo
1373 1613 1595 1691 magis,
1650 1613 1714 1668 in
1757 1621 1984 1688 promtu
2024 1608 2207 1667 habeo
2248 1610 2574 1679 universas,

362 1714 509 1774 quae
543 1696 609 1752 in
645 1693 939 1751 montibus
979 1692 1235 1772 degunt,
1282 1696 1583 1769 volucres,
1638 1713 1807 1771 quam
1849 1705 1949 1767 tu,
1995 1713 2140 1771 quae
2180 1695 2243 1750 in
2280 1695 2397 1750 tuis
2437 1702 2577 1751 sunt

365 1780 663 1838 armentis.
749 1788 903 1863 ³7⁷³?
943 1780 1063 1836 ’Ἵὶυ
1112 1790 1231 1863 '5³25
1272 1778 1359 1835 Et
1380 1779 1539 1851 fera
1580 1775 1777 1856 agri,
1818 1782 2066 1858 agrestis
2096 1778 2283 1836 bestia
2314 1779 2576 1854 quaevis,

361 1881 604 1937 meeum,
633 1879 802 1939 penes
834 1843 926 1920 fue
952 1869 1062 1934 est,
1098 1840 1241 1920 mihi
1270 1880 1494 1936 semper
1519 1859 1789 1938 praesens
1817 1874 1939 1931 est3
1979 1865 2121 1934 sive,
2150 1872 2353 1936 parata
2381 1880 2589 1924 coram

362 1965 457 2006 me
498 1947 724 2020 adstat,
786 1954 853 2002 ut
896 1943 1371 2021 comprehendere
1412 1966 1536 2005 eam
1581 1951 1797 2025 possim
1836 1967 1942 2025 pro
1983 1948 2191 2004 lubitu.
2278 1956 2365 2008 τ’ϊ
2392 1938 2578 2020 fera,

364 2047 405 2088 a
434 2042 519 2095 'm
552 2029 809 2104 moveri,
853 2031 1327 2105 quemadmodum
1360 2032 1602 2091 Graecis
1645 2026 1766 2095 ἀπὸ
1813 2033 1921 2094 τοῦ
1961 2031 2279 2093 κινεῖσθαι
2317 2014 2387 2089 fi‘t
2425 2025 2580 2092 κνώ-

364 2109 555 2178 δαλον
597 2114 737 2192 (pro
766 2107 1132 2193 κινώδαλον)
1178 2116 1390 2174 beotia.
1477 2120 1631 2187 Quia
1660 2136 1800 2177 vero
1833 2117 2063 2176 nomini
2093 2127 2179 2196 '5³3
2210 2115 2325 2173 Jes.
2352 2116 2576 2187 66,11.
2610 2111 2620 2121 ’

365 2200 702 2280 splendoris
733 2201 898 2259 notio
929 2201 1150 2258 tributa
1181 2199 1384 2278 (quam
1412 2212 1591 2277 recte,
1620 2201 1790 2277 hujus
1819 2203 1934 2259 loci
1963 2220 2084 2260 non
2113 2210 2204 2257 est
2230 2196 2578 2277 inquirere),

366 2294 428 2344 et
475 2295 679 2343 nostro
726 2285 854 2341 loco
899 2286 1325 2345 Alexandrinus
1366 2290 1548 2346 vertit
1593 2284 1697 2348 καὶ
1740 2279 2043 2369 ὦραιότης
2082 2287 2191 2347 τοῦ
2233 2279 2473 2366 ἀγροῦ,
2513 2292 2580 2342 et

351 2367 748 2451 pulchritudo
780 2369 943 2445 agri,
969 2379 1039 2427 ut
1060 2368 1344 2449 Vulgatus
1368 2372 1655 2447 reddidit;
1700 2372 1853 2449 quod
1885 2371 2105 2449 placuit
2134 2368 2434 2442 Annum,
2474 2370 2579 2445 qui

285 2524 300 2530 ,
361 2452 997 2534 „pulchritudinem,“
1048 2456 1276 2533 inquit,
1330 2459 1530 2534 „agri
1568 2469 1912 2535 proventum
1953 2454 2399 2533 pulcherrimum
2441 2454 2580 2534 agri

365 2540 536 2616 (nam
565 2558 638 2597 ex
666 2541 827 2619 agris
860 2558 1086 2617 quoqne
1116 2541 1410 2617 primitiae
1443 2542 1614 2615 juxta
1649 2543 1836 2621 legem
1881 2537 2303 2618 offerebantur)
2342 2541 2579 2597 intelle-

363 2626 525 2683 xisse
558 2632 738 2697 puto,
780 2633 884 2697 ut,
928 2644 1057 2683 cum
1084 2623 1152 2681 de
1183 2624 1457 2682 carnibus
1491 2625 1739 2698 dixerit,
1778 2645 1851 2683 ne
1881 2626 2019 2702 quid
2048 2625 2122 2683 ad
2155 2625 2346 2682 cibum
2384 2625 2579 2682 deesse

267 2702 310 2789 J
362 2707 702 2781 videretur,
770 2710 1002 2766 triticea
1059 2726 1285 2789 quoque
1340 2717 1401 2764 et
1455 2709 1668 2769 adorea
1719 2712 2103 2785 subjunxerit.
2189 2710 2308 2777 Qui
2351 2708 2579 2781 sensus,

364 2794 631 2869 quamvis
664 2807 766 2864 per
800 2808 862 2848 se
890 2793 1126 2851 minime
1157 2793 1237 2848 sit
1261 2793 1696 2868 incommodus,
1737 2804 1929 2852 tamen
1961 2812 2198 2871 prorsus
2229 2794 2461 2868 ineptus
2474 2799 2581 2870 ‚est

363 2875 496 2935 loco
524 2876 621 2935 Ps.
653 2876 756 2948 80,
779 2877 897 2951 14.,
936 2877 1041 2934 nbi
1075 2879 1196 2965 Ἶὶξι
1229 2887 1317 2958 τἾ
1355 2876 1587 2953 depasci
1617 2880 1890 2938 dicuntur
1918 2881 2166 2938 vineam.

539 2977 638 3036 12.
722 2973 795 3034 Si
834 2979 1152 3051 esurirem,
1192 2994 1307 3034 non
1348 2977 1601 3036 dicerem
1644 2981 1779 3054 tibi,
1818 2998 1954 3037 nam
1990 2976 2137 3037 milti
2178 2986 2274 3036 eet
2314 2975 2475 3036 orbis
2516 2982 2583 3034 et

366 3061 656 3144 quiequid
691 3079 819 3119 eum
856 3062 1082 3141 implet.
1166 3060 1236 3121 Si
1267 3063 1741 3138 quemadmodum
1775 3063 1948 3123 homo
1978 3065 2244 3122 mortalis
2270 3064 2580 3133 esurirem,

366 3149 593 3206 scilicet
621 3164 852 3205 necesse
879 3155 1069 3220 esset,
1109 3155 1178 3204 ut
1205 3164 1241 3202 a
1267 3156 1324 3204 te
1356 3164 1564 3247 panem
1589 3160 1838 3227 peterem
1854 3190 1874 3222 ‚
1912 3167 2055 3228 ego,
2098 3148 2363 3206 universi
2391 3156 2580 3205 terra-

368 3250 503 3292 rum
533 3233 691 3292 orbis
726 3227 1032 3309 dominus'²
1099 3229 1190 3289 De
1218 3233 1452 3290 nomine
1487 3229 1618 3313 bun
1654 3232 1772 3294 vid.
1803 3234 1877 3292 ad
1905 3235 2100 3308 24,1.

542 3341 640 3400 13.
703 3334 857 3399 Num
893 3340 1187 3398 comedam
1213 3358 1452 3398 carnem
1481 3351 1810 3416 taurorum,
1846 3362 1983 3400 num
2015 3342 2206 3400 bibam
2233 3342 2582 3420 sanguinem

366 3422 719 3485 hircorum?
803 3425 957 3485 Num
995 3434 1202 3501 putas,
1260 3422 1480 3483 idcirco
1524 3429 1781 3486 voluisse
1825 3427 1972 3485 mihi
2019 3426 2219 3486 offerri
2272 3428 2582 3499 sacrificia,

277 3572 279 3575 ,
369 3510 525 3589 quod
559 3511 688 3568 cibo
723 3519 784 3568 et
814 3519 957 3588 potu
994 3504 1357 3590 indigerem?
1443 3509 1597 3568 Num
1630 3531 1860 3570 necesse
1893 3512 2110 3572 habebo
2141 3529 2396 3586 uuquam
2424 3513 2585 3570 vesci

369 3604 670 3653 taurorum
699 3595 992 3666 carnibus,
1033 3607 1138 3651 aut
1169 3595 1510 3673 sanguinem
1538 3595 1831 3655 hircorum
1864 3591 2103 3655 bibere‘i
2175 3596 2380 3654 Aben-
2398 3596 2585 3654 Esra:

367 3676 541 3737 Haec
567 3679 770 3737 omnia
799 3677 951 3736 hunc
982 3680 1046 3736 in
1072 3678 1263 3752 finem
1289 3696 1684 3753 commemoro,
1724 3681 1882 3759 quod
1908 3681 2245 3756 sacrificia,
2273 3681 2343 3739 de
2374 3678 2585 3758 quibus

372 3763 697 3842 offerendis
727 3765 1045 3842 praecepi,
1085 3782 1201 3821 non
1241 3761 1394 3837 mihi,
1437 3764 1543 3821 aed
1578 3765 1742 3822 vobio
1770 3768 2041 3845 prosint.

548 3873 645 3930 14.
731 3872 894 3932 min
939 3866 1191 3953 0³37th
1233 3883 1343 3936 57:²5
1388 3868 1719 3946 Sacrificio
1756 3872 1920 3948 Deo,
1962 3875 2004 3930 i.
2034 3892 2083 3930 e.
2115 3870 2294 3946 mihi,
2339 3871 2586 3931 laudem.

372 3957 656 4037 Enallage
687 3966 778 4014 est
805 3973 1117 4029 personae,
1173 3976 1346 4033 quum
1377 3952 1506 4013 Deo
1538 3958 1835 4017 tribuatur
1873 3959 2082 4016 oratio.
2168 3962 2333 4019 *Nm
2372 3946 2441 4035 (a‘
2464 3969 2586 4019 ‚77³

362 4042 710 4124 protendit,
754 4040 1036 4113 ostendit,
1078 4040 1391 4117 confessus
1434 4050 1527 4098 est
1565 4042 1796 4120 aliquid
1829 4037 2093 4122 palem),
2135 4045 2453 4122 generatim
2488 4023 2591 4099 de-

371 4128 572 4206 signat
610 4124 1041 4201 confessionem
1080 4126 1172 4182 rei
1209 4126 1491 4199 alicujus,
1549 4127 1672 4182 sive
1705 4130 1922 4205 malae,
1973 4129 2155 4184 veluti
2180 4126 2413 4200 delicti,
2465 4123 2587 4185 Ιοε.

376 4213 439 4284 7,
468 4211 562 4268 19.
605 4210 733 4269 Esr.
756 4209 998 4283 10,11.‚
1041 4211 1164 4268 sive
1196 4208 1401 4282 bonae,
1442 4218 1512 4265 ut
1538 4208 1946 4268 beneficiorum
1978 4228 2013 4267 a
2038 4209 2168 4270 Deo
2195 4221 2589 4287 acceptorum,

373 4296 471 4355 vel
511 4294 722 4354 auxilii
760 4295 834 4354 ab
873 4295 1004 4372 ipso
1043 4296 1109 4353 in
1146 4294 1405 4373 periculo
1449 4296 1737 4373 praestiti.
1814 4292 1931 4355 Hic
1968 4304 2161 4356 autem
2204 4297 2594 4391 interpretum
