2807 4913
372 304 522 380 182
718 392 723 401 x
777 339 783 343 ·
977 311 1097 377 Pe.
1147 330 1265 401 27,
1323 311 1434 377 13.
1492 309 1600 377 14.
1701 315 1827 380 Ρε.
1880 309 1990 379 28.

370 495 664 553 vocalium
705 493 885 552 etiam
925 495 1084 551 notis
1124 494 1573 553 instruerentur.
1657 495 1889 555 Omisso
1930 498 2117 595 igitur
2146 491 2306 576 Νξύ
2348 516 2456 581 ego
2499 498 2589 555 ita

370 580 715 638 vertendum
749 595 985 637 censeo:
1019 596 1381 657 persuasum
1423 577 1568 634 milei
1600 576 1803 655 habeo,
1845 599 1932 641 me
1965 582 2231 637 visurum
2247 574 2588 647 bonitatem

373 657 602 736 Jovae,
636 660 769 719 hoc
797 673 916 734 est,
959 682 1049 720 me
1088 662 1407 721 fruiturum
1444 682 1567 735 esse
1604 664 1894 722 beneficiis
1924 665 2132 736 Jovae,
2174 685 2279 721 nec
2316 666 2472 741 fore,
2519 679 2589 724 ut

370 748 637 809 hostibus
671 749 815 804 meis
848 749 1232 804 succumbam.
1298 748 1550 805 Verbum
1584 759 1721 810 ,ἾΝἾ
1742 791 1761 822 ,
1812 769 1940 807 cum
1977 760 2015 809 τι
2048 760 2445 807 constructum
2482 748 2584 830 (cf.

375 835 454 891 ad
484 831 585 891 Vs.
606 827 744 908 4.),
787 832 1080 910 significat
1122 835 1295 889 ctiam
1321 832 1477 904 frui
1516 817 1727 909 aliqua
1754 853 1857 907 re,
1902 844 1969 891 ut
1997 832 2141 891 coh.
2170 837 2231 906 2,
2273 837 2321 891 l.
2354 834 2590 916 fruere

378 915 544 975 bono.
631 923 785 976 DWU
831 926 1017 1006 ῩἻΝΞ
1050 913 1127 973 In
1171 925 1345 973 terra
1385 918 1728 993 viventium,
1771 924 1947 977 etiam
1977 921 2040 975 in
2075 917 2185 976 hoc
2219 920 2375 992 orbe,
2418 940 2589 997 quem

373 1004 644 1062 incolunt
682 1003 807 1058 vivi
846 983 1141 1074 homines,
1196 1001 1362 1058 fruar
1401 1002 1694 1061 beneficiis
1735 1006 1951 1062 divinis
1985 1014 2044 1060 et
2085 1003 2364 1060 felicitate
2398 1008 2593 1061 omni-

375 1105 548 1167 gena.
641 1083 895 1144 Terram
936 1087 1250 1143 viventium
1294 1085 1688 1144 Hebraeorum
1721 1091 1989 1149 nonnulli
2024 1089 2093 1145 de
2117 1087 2314 1159 futur
2318 1107 2388 1144 ae
2419 1091 2590 1146 vita‘e

377 1180 550 1229 statu
584 1171 954 1248 intelligunt3
1001 1174 1103 1228 scd
1137 1172 1280 1227 satis
1311 1172 1494 1246 liquet
1524 1173 1715 1230 velex
1744 1174 1835 1230 Ps.
1869 1176 2037 1244 52‚7
2041 1214 2056 1229 .
2099 1181 2156 1229 et
2186 1170 2300 1228 Jes.
2328 1175 2430 1249 38,
2467 1175 2587 1245 11.,

365 1256 919 1415 ssraewnlssfivitffl
959 1258 1150 1313 locum
1193 1258 1281 1313 sic
1323 1257 1540 1312 vocari.
1624 1255 1715 1314 Cf.
1758 1258 1869 1315 Jes.
1915 1258 2032 1330 53,
2067 1260 2120 1314 8.
2177 1257 2284 1316 Ez.
2322 1260 2437 1331 32,
2478 1259 2584 1319 32.

426 1360 454 1397 s
522 1343 640 1398 112

551 1457 650 1517 14.
720 1457 829 1541 πῇ
817 1462 952 1548 ⁵7}-
966 1452 1098 1540 ΞΝ.
1085 1465 1215 1542 ἠρ
1242 1456 1553 1536 Exspecta
1577 1455 1806 1531 Jovam,
1846 1476 2009 1534 opem
2041 1459 2186 1532 ejus,
2222 1476 2295 1515 ne
2327 1452 2614 1532 despera(

377 1542 481 1602 Sic
525 1558 586 1599 se
632 1543 820 1617 ipsum
866 1550 1034 1617 poeta
1089 1541 1391 1612 admonet3
1455 1552 1557 1599 aut
1604 1545 1869 1622 generale
1918 1552 2007 1600 est
2059 1541 2464 1618 epiphonema,
2527 1551 2587 1598 et

378 1630 567 1684 totius
598 1624 812 1683 Psalmi
841 1627 1007 1701 quasi
1041 1644 1261 1682 summa
1295 1638 1352 1684 et
1380 1640 1818 1705 argumentum,
1864 1630 2016 1684 sicut
2048 1626 2157 1683 hoc
2195 1628 2369 1682 etiam
2402 1625 2587 1682 facere

377 1712 591 1768 alicubi
620 1717 785 1767 vates
815 1709 1320 1783 animadvertitur,
1367 1722 1435 1768 ut
1467 1714 1533 1769 de
1564 1733 1668 1770 suo
1708 1715 1967 1787 exemplo
2006 1714 2152 1769 alios
2189 1711 2471 1783 hortetur,
2517 1717 2586 1766 ut

377 1796 472 1855 Ps.
507 1796 609 1867 31,
638 1796 737 1849 24.
808 1795 1108 1861 Quomodo
1143 1796 1478 1853 vertendum
1510 1805 1693 1855 esset:
1735 1807 2027 1874 exspecta
2059 1816 2222 1872 ergo,
2263 1795 2592 1871 quicunque

365 1882 538 1979 pius·
551 1897 631 1935 ee.
699 1888 825 1968 pm
855 1877 1003 1934 Esto
1020 1878 1252 1951 fortis,
1287 1882 1482 1937 animo
1511 1881 1651 1938 forti
1682 1894 1739 1939 et
1770 1883 2085 1957 intrepido.
2147 1882 2235 1938 lta
2262 1879 2592 1954 frequenter

377 1965 538 2021 hoc
521 1982 711 2038 lpsum
743 1982 842 2020 xci
848 1964 978 2019 bum
1014 1966 1161 2019 alias
1191 1963 1342 2021 solet
1378 1968 1648 2042 usurpari
1683 1969 1744 2022 in
1773 1963 2278 2023 exhortationibus
2311 1965 2383 2020 ad
2414 1963 2592 2019 forti-

379 2050 674 2120 tudinem,
739 2066 796 2104 v.
832 2069 892 2126 g.
933 2046 1106 2105 Deut.
1145 2052 1261 2122 31,
1299 2053 1354 2106 7.
1385 2053 1489 2109 23.
1552 2050 1671 2107 JOS.
1717 2054 1784 2123 1,
1830 2053 1887 2106 7.
1920 2053 1979 2106 9.
2020 2053 2113 2108 18.
2169 2044 2354 2107 Deut.
2379 2049 2481 2120 31,
2528 2050 2589 2105 6.

382 2128 510 2232 7317
551 2141 760 2225 ὙᾉΝῙἻ
799 2131 1003 2195 Robur
1049 2144 1318 2191 assumat
1358 2153 1464 2192 cor
1506 2145 1686 2207 tuum,
1734 2136 1959 2191 animus
1996 2147 2148 2192 tuus.
2243 2131 2412 2190 Verb.
2443 2143 2591 2220 wa&

315 2240 330 2303 Ι·
379 2200 450 2273 in
460 2200 700 2292 Hiphil
711 2212 884 2294 (quae
926 2216 1112 2275 forma
1154 2229 1378 2276 tantum
1424 2219 1479 2275 h.
1521 2221 1561 2276 l.
1612 2229 1669 2276 et
1713 2220 1813 2291 31,
1851 2219 1950 2274 25.
1993 2215 2309 2294 reperitur)
2352 2201 2592 2274 denotat

379 2303 541 2358 vires
586 2319 918 2375 assumere,
964 2303 1218 2360 animum
1241 2303 1485 2391 fortem
1529 2315 1588 2361 et
1620 2305 1974 2380 intrepidum
2010 2305 2340 2381 concipere.
2421 2301 2590 2359 Alex.

381 2380 816 2464 κραταιοὺσθω
860 2385 896 2466 ἦ
942 2409 1010 2444 κη
1021 2386 1159 2469 ρδίη
1205 2411 1350 2461 σου,
1397 2389 1781 2464 corfortetur
1825 2408 1930 2445 cor
1972 2388 2165 2462 twmn,
2209 2397 2274 2444 ut
2308 2384 2589 2466 Vulgatus

378 2473 650 2530 reddidit.
739 2470 957 2547 Syrus.
996 2484 1056 2528 et
1090 2472 1410 2530 roboretur
1445 2494 1551 2530 cor
1579 2485 1866 2532 vestrum.
1950 2475 2117 2543 Quod
2147 2475 2333 2549 Syrus
2365 2483 2423 2528 et
2453 2472 2592 2528 Ale-

379 2558 725 2629 xandrinuS,
753 2559 898 2613 alias
931 2576 1049 2613 non
1079 2557 1247 2614 facile
1277 2561 1719 2632 consentientes,
1748 2559 1858 2616 hoc
1886 2571 2075 2617 tamen
2108 2560 2279 2615 loco‘
2263 2576 2323 2614 m
2349 2556 2592 2612 Passivo

381 2643 751 2716 exprimendo
788 2643 1175 2715 conveniunt,
1218 2645 1488 2700 credibile
1519 2644 1689 2716 facit,
1732 2648 2027 2702 exstitisse
2063 2646 2200 2701 olim
2231 2643 2485 2711 codices,
2530 2641 2593 2695 in

381 2725 588 2802 quibus
623 2735 830 2815 *ij-(⁴52,
868 2747 975 2805 pro
1006 2747 1097 2801 eo,
1139 2728 1293 2805 quod
1320 2728 1491 2786 hodie
1520 2732 1788 2809 legimuS,
1829 2740 2040 2819 'fx-3053,
2084 2730 2361 2805 scriptum
2395 2725 2590 2783 fuerit.

1364 2914 1412 2973 P
1429 2935 1479 2975 s.
1522 2917 1623 2975 28.

546 3028 762 3087 Primis
801 3030 974 3107 hujus
1019 3032 1208 3089 odarii
1243 3036 1547 3091 versiculis
1589 3030 1960 3093 vates‘Jovae
2005 3036 2291 3091 auxilium
2325 3033 2593 3090 ardenter

382 3118 678 3190 exposcit,
738 3127 804 3172 ut
848 3137 922 3174 ex
961 3119 1189 3195 ingenti
1230 3121 1425 3194 aliquo
1473 3129 1530 3175 et
1572 3120 1903 3176 imminente
1944 3120 2198 3194 periculo
2250 3118 2594 3175 vindicetur.

385 3200 436 3257 T
440 3220 538 3256 um
580 3211 880 3275 precatur,
929 3223 1001 3259 ne
1035 3221 1096 3257 se
1131 3204 1497 3259 innocentem
1531 3204 1869 3259 nocentibus
1900 3203 1961 3258 in
1998 3201 2222 3258 ultione
2257 3203 2594 3281 conjungat,

383 3285 590 3359 quibus
622 3288 856 3342 meritas
887 3305 1098 3364 poenas
1132 3289 1494 3362 imprecando
1526 3288 1821 3361 praedicit.
1894 3286 2034 3341 Post
2067 3284 2218 3360 haec
2245 3306 2349 3361 pro
2389 3287 2595 3357 salute,

385 3368 556 3443 quam
595 3372 716 3425 sive
749 3374 1127 3448 recuperavit,
1171 3374 1292 3426 sive
1327 3382 1792 3445 recuperaturum
1827 3388 1887 3426 se
1919 3379 2078 3426 certo
2108 3371 2449 3443 confidebat,
2488 3365 2597 3427 Jo-

381 3471 488 3509 vae
534 3455 756 3529 gratias
800 3461 944 3534 agit.
1030 3456 1329 3514 Postremo
1378 3474 1485 3530 pro
1529 3455 1820 3530 communi
1862 3454 2060 3530 populi
2104 3458 2366 3525 universi
2408 3458 2596 3511 salute

381 3538 641 3612 precatio
691 3550 779 3595 est
822 3543 1040 3600 addita.

556 3624 1023 3690 'Quumwcarmen
1065 3625 1176 3682 hoc
1215 3626 1425 3700 partim
1462 3641 1690 3698 preces,
1732 3624 1944 3697 partim
1983 3624 2305 3701 gratiarum
2338 3627 2597 3683 actiones

387 3703 716 3781 contineat,
772 3722 963 3769 utrum
1008 3721 1174 3786 poeta
1212 3709 1358 3763 illud
1399 3709 1462 3763 in
1502 3709 1626 3781 ipso
1668 3708 1928 3781 periculo
1973 3711 2364 3782 constitutus,
2405 3728 2481 3766 an
2528 3728 2599 3766 eo

386 3801 656 3866 superato
703 3798 1127 3872 composuerit,
1195 3794 1402 3849 merito
1455 3789 1708 3848 dubitari
1755 3799 1965 3866 potest.
2056 3792 2125 3848 ln
2174 3792 2418 3852 Psalmis
2464 3796 2599 3850 aliis
2685 3807 2688 3810 ’

385 3878 649 3952 pluribus
698 3899 925 3956 quoque
978 3895 1172 3954 preces
1212 3884 1271 3931 et
1314 3877 1640 3953 gratiarum
1690 3877 1946 3933 actiones
1992 3878 2193 3935 eodem
2243 3881 2415 3938 modo
2462 3888 2601 3936 sunt

391 3963 763 4036 conjunceae,
810 3975 1078 4036 utsacpe
1115 3959 1342 4016 difficile
1378 3961 1459 4015 sit
1499 3957 1773 4032 definire,
1823 3965 2031 4038 quibus
2066 3966 2416 4038 temporibus
2453 3964 2601 4019 talia

392 4048 663 4102 carmina¹
694 4046 814 4103 sint
855 4045 1222 4124 assignanda.
1308 4046 1497 4112 Quam
1541 4065 1662 4102 rem
1709 4065 1830 4103 non
1873 4066 1993 4104 una
2037 4050 2264 4103 ratione
2313 4051 2602 4125 explicare

392 4121 742 4187 studuerunt
778 4130 1142 4205 Interpretes.
1227 4127 1413 4199 Sunt,
1458 4131 1652 4205 quiin
1683 4133 1759 4188 iis
1795 4134 2015 4208 gratias
2047 4133 2312 4206 precibus
2347 4143 2602 4190 attextus

391 4223 492 4267 aut
537 4215 783 4270 insertas
825 4216 911 4270 sic
953 4233 1077 4270 esse
1119 4214 1489 4287 existiment,
1547 4224 1614 4272 ut
1658 4221 1830 4289 poeta
1869 4236 2014 4292 quae
2057 4218 2121 4271 in
2162 4218 2446 4291 periculis·
2471 4236 2604 4293 pre-

392 4305 557 4353 catus
595 4296 821 4368 fuerat,
874 4317 1050 4374 quum
1091 4308 1223 4375 post
1264 4299 1671 4357 liberationem
1706 4302 2085 4373 describeret,
2130 4300 2469 4376 appendices
2501 4310 2602 4357 aut

388 4380 741 4464 insertiones
774 4386 1099 4461 gratiarum
1139 4385 1389 4442 actionis
1426 4385 1731 4466 adjecerit,
1787 4396 1959 4463 atquc
1999 4388 2088 4444 ita
2126 4388 2464 4447 cantoribus
2499 4386 2602 4443 de-
