2807 4913
696 313 820 380 Pa.
864 329 984 398 91,
1049 253 1375 386 lde-16.
1467 311 1588 381 Ps.
1630 327 1748 401 92,
1804 311 2048 380 1—4.
2240 309 2247 310 ἶ
2336 309 2484 379 523

447 497 545 554 14.
631 481 764 553 Jam
792 494 958 553 *Deus
987 491 1249 570 loquitur
1283 513 1466 573 usque
1505 497 1579 554 ad
1616 495 1786 552 finem
1807 494 2117 554 „cal-minis.
2200 493 2400 553 Fidem
2433 506 2494 554 et

276 601 438 662 spem
471 583 535 637 in
565 581 691 656 ipso
721 583 1006 656 positam,
1046 588 1107 635 et
1141 582 1474 653 caritatem,
1517 599 1630 656 qua
1662 581 1793 656 pius
1822 582 1937 655 ipsi
1969 578 2328 651 adhaeserit,
2365 598 2490 639 esse

235 664 239 667 ⁴
277 665 715 736 causamxdicit,
753 673 987 740 propter
1016 682 1196 739 quam
1213 684 1343 721 eum
1370 676 1661 743 protegat.
1748 663 1939 738 Verba
1969 662 2259 737 Hebraea,
2301 675 2391 724 ff:
2411 674 2485 744 ’ξ
2527 703 2533 708 ·

279 751 423 837 pzp'n
465 750 766 827 quoniam
782 746 926 804 milae·
963 745 1258 819 adhaesit,
1309 745 1739 807 Alexandrinus
1769 746 2060 806 reddidit.
2105 743 2201 810 ὅτι
2249 743 2352 814 ἐπ’
2383 728 2489 826 ἐμὲ
2582 781 2593 792 ι

275 787 527 913 ἤλπισε,
588 835 729 911 quia
774 834 837 890 in
879 850 967 889 me
1006 834 1315 909 speravit,
1371 849 1601 898 sensum
1637 834 1831 908 paullo
1871 834 2111 891 liberius
2144 835 2491 909 exprimens.

279 922 419 1022 [affin
458 920 691 996 proprie
723 935 947 990 antara,
989 917 1328 974 tantundem
1362 916 1458 974 hic
1489 917 1672 987 valet,
1719 935 1833 985 ηομ
1852 920 2126 975 suaviter
2158 917 2493 984 recumbere

278 1011 346 1064 in
385 985 597 1074 Deum,
642 1005 874 1077 ejusque
906 1002 1100 1081 gratia
1128 995 1441 1059 oblectare.
1522 998 1822 1084 Ἱπῑοξῦιςζ
1858 991 2021 1066 Ideo
2028 1004 2304 1081 eripiam
2344 1019 2491 1060 eum.

281 1090 506 1162 uideo,
543 1097 612 1144 ut
646 1087 749 1159 51,
779 1087 840 1143 8.
901 1084 1013 1143 De
1037 1087 1218 1143 verbo
1253 1082 1381 1148 07:33
1410 1084 1526 1148 vid.
1556 1083 1631 1142 ad
1663 1087 1762 1157 18,
1775 1077 1849 1142 3.
1878 1088 1993 1157 ·22,
2021 1085 2078 1143 5.
2122 1087 2254 1145 coll.
2276 1087 2493 1159 17,13.

280 1173 412 1254 ’λιτῷ
472 1183 754 1260 ἕνῃ-ν’
786 1174 1044 1263 effiminat
1083 1153 1385 1228 Exultabo
1428 1189 1590 1239 eum,
1661 1170 1934 1269 quon-iam
1975 1172 2271 1254 cognovit
2289 1185 2493 1229 nomen

279 1258 495 1330 moiem,
533 1239 582 1314 i:
610 1273 659 1313 e.
690 1275 781 1313 me
819 1250 1016 1331 ipsum
1030 1234 1146 1326 (cf.
1185 1257 1246 1327 9,
1270 1257 1364 1313 11.
1406 1251 1510 1326 20,
1536 1257 1595 1312 2.
1604 1255 1663 1330 );
1726 1256 1864 1330 quia
1901 1274 1992 1312 me
2029 1258 2198 1313 novit
2228 1265 2295 1312 et
2334 1257 2494 1329 colit,

282 1354 475 1404 tutum
503 1362 630 1400 eum
659 1342 979 1422 praestabo.
1036 1335 1357 1398 Exultatio
1388 1341 1446 1398 h.
1474 1342 1516 1398 1.
1544 1358 1665 1396 non
1693 1348 1781 1395 est
1806 1339 2045 1397 honoris
2078 1349 2136 1397 et
2167 1340 2496 1418 dignitatis,

284 1430 354 1487 de
387 1446 503 1506 qua
528 1443 773 1501 sequens
802 1424 1015 1482 Versus
1047 1424 1259 1482 diserte
1294 1425 1618 1500 promittit,
1674 1423 1774 1481 sed
1808 1426 1872 1480 in
1905 1423 2117 1481 editam
2148 1433 2207 1479 et
2236 1427 2494 1482 inacces-

280 1532 404 1574 sam
434 1512 812 1577 munitionem
845 1511 1184 1579 collocatio,
1245 1511 1342 1567 ubi
1374 1521 1539 1566 tutus
1562 1509 1647 1565 sit
1682 1518 1741 1566 et-
1772 1518 2095 1584 praestetur
2125 1508 2371 1584 aliquis,
2430 1517 2499 1566 ut

283 1615 451 1674 saepe
494 1596 639 1652 alias
679 1596 742 1650 in
776 1594 1057 1666 Psalmis,
1092 1594 1283 1652 veluti
1316 1594 1423 1668 69,
1449 1596 1551 1651 30.
1638 1594 1831 1661 Quare
1861 1603 2017 1650 recte
2046 1592 2500 1666 Alexandrinae,

284 1692 344 1739 et
374 1690 506 1759 post
534 1698 665 1736 eum
699 1675 1005 1758 vulgatus»,
1050 1672 1331 1741 σκεπάσω
1376 1674 1582 1752 αὐτὸν,
1614 1686 1938 1757 protegam
1979 1697 2122 1735 eum.

462 1786 561 1845 15.
642 1783 980 1862 Dependent
1008 1787 1151 1846 haec
1183 1789 1252 1847 de
1280 1789 1712 1864 superioribus,
1768 1797 1827 1844 et
1863 1788 1933 1845 de
1962 1788 2287 1859 mentione,
2344 1785 2500 1861 quod

288 1874 523 1933 noverit
565 1881 624 1929 et
663 1873 818 1928 colat
865 1891 1073 1931 nomen
1110 1871 1242 1932 Dei.
1326 1874 1461 1932 Erit
1504 1876 1725 1955 igitur.
1790 1873 1932 1948 quia
1988 1883 2214 1957 affiget}
2270 1881 2499 1960 ant-§57³

289 1962 533 2017 invocat
588 1974 709 2029 me,
767 1966 835 2014 ut
880 1956 1068 2017 Deum
1112 1977 1314 2035 suum,
1383 1958 1514 2015 ideo
1574 1953 1892 2014 exaudiam
1945 1976 2094 2017 eum.
2108 1951 2138 1963 '
2164 1934 2335 2015 '¹²:5ss
2389 1937 2504 2034 ’17333

291 2053 479 2134 ¹77³?-
524 2041 668 2103 Cum
711 2059 777 2099 eo
821 2041 927 2118 eg'o
985 2044 1048 2101 in
1093 2044 1429 2121 angustia,
1488 2052 1719 2119 praesto
1769 2043 1826 2099 ei
1870 2061 1969 2100 ero
2019 2044 2086 2100 in
2114 2021 2407 2118 periculis
2448 2051 2508 2097 et

290 2112 581 2208 angustiis
622 2127 903 2185 omnibus.
983 2177 986 2178 ⁷

466 2235 563 2291 16.
621 2230 1024 2311 Longitudine
1061 2234 1287 2293 dierum
1322 2233 1611 2302 saturabo
1641 2253 1789 2306 eum,
1830 2242 1891 2290 et
1926 2231 2230 2290 ostendam
2259 2235 2319 2290 ei
2351 2233 2513 2293 salu-

294 2327 411 2376 tem
438 2337 657 2392 meam,
691 2320 1001 2395 producam
1034 2322 1088 2376 ei
1115 2320 1236 2377 dies
1264 2321 1423 2377 vitae
1453 2339 1611 2395 suae,
1640 2329 1708 2377 ut
1737 2326 2106 2376 exsaturetur
2138 2309 2412 2392 vivendo,
2451 2327 2533 2375 et,

291 2402 573 2463 exhibebo
607 2405 665 2461 ei
695 2404 1098 2480 experiendam
1129 2404 1399 2478 salutem,
1447 2424 1562 2484 qua
1587 2408 1694 2466 beo
1724 2406 1973 2463 cultores
2003 2420 2182 2461 meos.

1270 2592 1317 2650 P
1333 2611 1383 2653 s.
1440 2596 1543 2653 92.

199 2764 200 2767 ι
389 2708 400 2715 “
469 2709 835 2770 Exhortatur
867 2709 1000 2782 pios
1029 2710 1102 2768 ad
1132 2710 1526 2769 celebrandam
1556 2712 1900 2788 sapientiam
1934 2708 2165 2768 divinae
2201 2706 2515 2785 providen-

185 2838 196 2842 «
302 2798 422 2856 tiae
452 2798 516 2859 in
548 2795 921 2875 gubernanda
947 2797 1069 2852 vita
1102 2805 1158 2852 et
1184 2794 1355 2852 rebus
1379 2793 1667 2871 humanis,
1716 2814 1829 2873 qua
1863 2815 1983 2853 non
2010 2797 2155 2853 sinit
2183 2796 2517 2851 diuturnam

304 2899 429 2938 esse
469 2881 805 2937 felicitatem
846 2882 1185 2956 impiorum,
1244 2891 1316 2938 et*
1336 2880 1428 2938 his
1465 2884 1680 2959 eversis
1711 2881 2031 2940 durabilem
2066 2888 2125 2938 et
2157 2884 2518 2935 constantem

303 2967 558 3044 largitur
585 2966 693 3038 iis,
744 2965 844 3040 qui
876 2966 1003 3041 ipso
1034 2962 1170 3022 freti
1197 2974 1368 3038 sunt,
1428 2978 1486 3029 et
1510 2961 1603 3044 pie
1630 2969 1874 3040 vivunt,
1933 2984 2177 3041 quorum
2216 2963 2390 3018 etiam
2427 2978 2520 3016 se-

233 3054 236 3059 ’
305 3060 511 3108 nectus
542 3051 622 3112 sit
645 3058 870 3126 vegeta.
927 3049 1017 3107 lta
1046 3059 1237 3107 autem
1263 3052 1414 3128 agit,
1442 3062 1510 3108 ut
1541 3073 1639 3128 per
1669 3048 1974 3113 ἀντίθεσιν
2009 3057 2260 3124 opponat
2292 3046 2521 3120 piorum

308 3144 369 3192 et
408 3136 719 3210 impiorum
758 3144 1031 3204 eventuS,
1092 3144 1149 3192 et
1189 3153 1262 3191 ex
1290 3154 1357 3191 eo
1388 3137 1502 3194 sibi
1532 3141 1708 3194 etiam
1741 3147 1798 3193 et
1829 3135 2023 3210 impiis
2056 3131 2321 3189 omnibus
2352 3128 2522 3203 polli-
2568 3160 2575 3169 ·

311 3228 476 3275 cetur
518 3228 736 3277 statum
777 3215 1111 3292 florentem,
1184 3239 1313 3275 cum
1354 3221 1523 3296 impii
1566 3224 1629 3278 in
1676 3224 1804 3294 ipso
1850 3219 1994 3276 flore
2046 3234 2151 3274 suo
2196 3212 2524 3270 concidant.
2604 3228 2648 3247 ·¹

249 3328 254 3343 =
310 3301 564 3381 Tempus
600 3312 658 3360 et
690 3305 917 3360 occasio
947 3306 1154 3380 scripti
1186 3305 1460 3381 carminis
1493 3306 1722 3363 definiri
1752 3323 1873 3361 non
1898 3311 2108 3379 potest.

489 3405 545 3458 l·
631 3406 827 3491 17sz
878 3400 1015 3469 nv':
1064 3404 1191 3486 Ἶὶιζᾶ
1239 3403 1488 3463 Carmen
1529 3409 1593 3464 in
1634 3408 1787 3466 diem
1830 3400 2138 3462 sabbathi.
2203 3398 2527 3459 Habebant

281 3487 461 3567 ]olim
491 3470 723 3566 singuli
744 3471 1091 3566 septimanae
1125 3488 1248 3546 dies
1287 3490 1616 3549 destinatos
1649 3508 1784 3548 suos
1822 3489 2111 3547 Psalmos.
2193 3486 2412 3544 Locum
2455 3499 2530 3539 ex

287 3570 602 3633 ἡΤιέιοῐειιιι
632 3571 973 3631 Talmudico
1013 3572 1280 3658 nuziwp,
1321 3594 1436 3650 quo
1470 3579 1726 3635 carmina
1753 3575 1861 3632 illa
1890 3580 2289 3669 recensentur,
2329 3567 2532 3625 attulit

315 3653 558 3715 Lunov.
587 3671 670 3713 m:
703 3654 864 3713 Dmu
903 3661 967 3713 in
997 3657 1161 3716 Crit.
1191 3660 1254 3717 S.
1297 3660 1371 3717 ad
1412 3660 1468 3718 h.
1502 3663 1538 3719 l.

489 3758 551 3814 2.
599 3758 719 3818 2⁹³0
752 3754 1047 3831 Bonum,
1029 3777 1068 3815 1.
1096 3779 1144 3817 e.
1177 3746 1285 3837 par
1316 3769 1426 3835 est,
1453 3759 1732 3819 celebrari
1758 3753 2270 3818 Jovamlaudibus
2297 3751 2536 3812 nostris.

320 3840 473 3900 Alii:
518 3843 815 3919 praeclara
839 3860 942 3900 res
977 3852 1096 3918 est;
1150 3846 1276 3903 vel:
1313 3846 1633 3919 jucundum
1666 3855 1724 3901 et
1749 3854 2009 3924 gratum.
2350 3884 2374 3911 a

398 3930 406 3953 l

465 3944 557 4003 ,.3
638 3940 723 4000 Ut
750 3960 940 4013 mane,
984 3962 1252 4020 vespere,
1291 3950 1468 4004 noctu
1501 3957 1560 4004 et
1588 3946 1845 4004 interdiu
1877 3945 2282 4021 praedicentur
2309 3939 2542 3997 bonitas

289 4068 292 4071 Α
328 4033 389 4082 et
415 3995 767 4107 benignitati,
810 4030 1040 4085 veritas
1058 4040 1120 4086 et
1142 4029 1390 4126 fidelitas
1424 4041 1541 4091 tua.
1626 4031 1797 4141 Sicut
1825 4048 1967 4089 nos.
1996 4029 2198 4104 frulze
2238 4025 2360 4084 und
2396 4028 2546 4103 spat

305 4111 400 4168 de
433 4113 532 4185 iis,
574 4130 719 4188 quae
753 4108 1194 4172 continuantur.

498 4214 561 4269 4·
643 4211 735 4271 De
772 4218 942 4278 'stim’
977 4223 1035 4274 et
1069 4211 1189 4292 ἒξ)
1230 4186 1349 4278 rid.
1385 4228 1507 4276 not.
1538 4219 1612 4276 ad
1651 4220 1754 4291 32,
1782 4219 1842 4275 2.
1925 4218 2099 4298 raffau
2140 4213 2323 4289 aliqui
2357 4209 2549 4290 signi-

289 4330 294 4337 *
329 4298 628 4358 ficationis
672 4316 794 4356 non
835 4284 1100 4360 diversae
1136 4279 1214 4362 'ab
1250 4305 1455 4396 Τι’·ὲι-Ι.
1467 4302 1816 4376 meditatio,
1891 4299 2119 4373 19,15.
2163 4297 2310 4359 'lh-r.
2341 4297 2404 4367 3,
2432 4295 2558 4365 62,

337 4383 703 4457 existimant,
739 4384 1181 4446 meditationem
1221 4385 1414 4446 autein
1451 4387 1509 4445 h.
1535 4389 1579 4447 l.
1611 4405 1850 4446 carmen
1892 4403 2083 4471 esse,
2093 4396 2163 4444 ut
2203 4401 2344 4461 ergo
2386 4382 2560 4466 ‘mm
