2807 4913
802 289 926 363 Ps‘.
980 288 1145 384 114,
1200 311 1266 379 7.
1302 255 1376 358 Ι8.
1481 293 1608 362 Pa,
1655 289 1814 360 1-15.
2275 289 2424 370 593

156 528 163 532 .
200 478 426 541 Suffixo
472 465 691 555 primae
730 494 1009 555 personae
1047 474 1256 550 babet,
1309 478 1478 554 quasi
1522 475 1742 536 diceret
1777 476 1909 551 ipsa
1949 482 2142 537 terra:
2193 494 2233 539 a
2276 500 2421 543 con-

196 576 398 641 spectu
424 562 669 622 Domini
698 572 951 621 tremere
983 578 1165 620 meum
1206 563 1428 620 factum
1454 570 1576 632 σοις
1630 570 1807 637 atque
1834 557 1978 620 baec
2005 561 2086 618 sit
2115 571 2417 641 responsio
2435 577 2464 640 j

197 650 275 706 ad
306 650 822 733 interrogationem
852 648 951 706 Vs.
981 645 1042 703 5.
1075 648 1132 703 6
1218 647 1335 707 Sed
1366 645 1717 726 cogitandus
1748 655 1839 703 est
1870 654 2040 720 poeta
2062 650 2415 752 respondere

195 734 272 791 ad
312 734 841 811 interrogationem
888 743 1077 795 terrae
1120 729 1366 804 factam,
1424 740 1486 790 et
1525 731 1761 788 concisa
1800 740 1890 788 est
1930 734 2269 806 responsio,
2325 739 2414 795 sio

195 813 527 875 dilatanda.
563 818 824 893 oportuit
850 816 1130 892 profecto,
1163 834 1198 873 o
1228 825 1406 888 terra,
1433 803 1491 874 te
1520 817 1608 874 sic
1635 807 2095 872 contremiscere.
2140 815 2213 874 Si
2235 821 2414 878 verba
2443 843 2452 845 ⁷

192 902 259 970 in
280 900 688 977 superioribus
715 901 1019 976 versiculis
1050 901 1261 975 accipis
1291 902 1357 957 in
1391 899 1744 972 praesenti,
1761 899 1937 971 plana
1967 908 2055 957 est
2086 905 2410 963 sententia:

119 976 127 981 ’
196 997 257 1044 et
289 998 428 1044 vero
460 984 654 1058 babes,
697 1003 802 1052 cnr
837 986 913 1060 ad
936 982 1182 1060 Domini
1210 993 1581 1060 conspectum
1609 984 2037 1042 contremiscam

2581 1057 2612 1074 θ’

365 1102 426 1161 8.
517 1097 755 1168 Quidni
770 1100 1215 1171 contremiscas,
1265 1118 1300 1157 o
1332 1109 1510 1173 terra,
1549 1100 1624 1160 ad
1654 1106 2023 1175 conspectum
2051 1101 2193 1175 cius,
2241 1106 2406 1184 cujus

122 1190 128 1195 “
193 1195 363 1244 tanta
401 1195 490 1243 est
526 1186 620 1242 vis
661 1194 722 1240 et
749 1185 1049 1260 potentia,
1102 1194 1172 1241 ut
1213 1203 1408 1242 rerum
1451 1195 1692 1251 naturas
1734 1184 1897 1240 nullo
1938 1185 2204 1261 negotio
2218 1187 2408 1264 possit
2505 1218 2508 1220 >

190 1270 453 1343 mutare,
514 1268 769 1342 adeoque
811 1277 1005 1344 petras
1048 1278 1108 1325 ct
1145 1285 1319 1341 rupes
1366 1257 1705 1326 durissimas
1751 1268 1816 1323 in
1862 1274 2073 1345 stagna
2113 1280 2173 1328 et
2205 1271 2405 1332 fontes

192 1350 570 1412 convertere?
656 1350 918 1428 Respicit
961 1354 1034 1411 ad
1075 1350 1350 1410 historias
1387 1352 1501 1410 Ex.
1527 1356 1624 1424 17,
1655 1354 1712 1408 6.
1757 1350 1928 1409 Νιιιιι.
1956 1353 2059 1423 20,
2089 1354 2293 1429 8.11.,
2338 1371 2408 1419 ut

187 1429 287 1497 Ps.
312 1441 413 1511 78,
445 1430 544 1509 15,
573 1440 679 1496 20.
767 1434 1035 1495 Ceterum
1080 1436 1376 1513 emphasin
1416 1436 1586 1496 habet
1619 1436 1761 1494 h'oc.
1814 1436 1920 1511 qui
1961 1440 2263 1498 convertit
2287 1460 2405 1519 pe-

187 1532 387 1586 tram
397 1524 461 1580 in
497 1532 779 1600 stagnum
824 1539 1166 1598 aquarum,
1207 1524 1373 1597 quasi
1399 1519 1725 1580 diceretur:
1783 1521 1886 1596 qui
1912 1520 2089 1594 fecit,
2130 1533 2198 1581 ut
2228 1542 2402 1601 rupes

189 1609 356 1680 ipsae
392 1616 554 1665 totac
590 1610 776 1666 veluti
812 1608 878 1664 in
905 1623 1083 1682 aquas
1109 1606 1451 1682 liquefactae
1484 1604 1834 1676 defluerent,
1884 1623 2006 1661 non
2033 1623 2196 1663 secus
2229 1618 2403 1685 atque

190 1704 498 1772 stagnum,
563 1701 865 1772 essentque
914 1692 1101 1757 instar
1152 1692 1423 1766 perennis
1470 1687 1768 1764 cujusdam
1814 1688 2242 1749 fontis.le
2290 1705 2399 1768 est,

184 1785 362 1853 quarn
402 1777 454 1834 si
489 1767 807 1836 diceretur:
860 1774 961 1853 qui
998 1795 1030 1833 e
1066 1785 1233 1853 petra
1270 1793 1479 1854 aquam
1516 1771 1737 1835 elicuit.

1144 1959 1259 2025 rs.
1304 1959 1447 2024 115.
1531 1940 1536 1944 ¹

352 2078 559 2140 Preces
594 2081 884 2156 continet,
937 2100 1011 2140 ne
1038 2080 1186 2141 Jova
1221 2083 1448 2139 deserat
1482 2080 1793 2168 populum,
1851 2083 1953 2158 qui
1992 2082 2176 2158 ipsiim
2217 2084 2398 2161 colat,

187 2164 293 2224 sed
326 2185 486 2246 opem
523 2169 578 2225 ei
609 2167 795 2240 ferat,
853 2175 912 2225 et
942 2169 1358 2244 protectionem
1397 2173 1681 2241 praestet,
1735 2173 1906 2240 atque
1949 2168 2033 2223 si'c
2076 2167 2211 2224 aliis
2251 2189 2398 2248 gen-

187 2251 369 2328 tibus,
411 2253 511 2327 qui
544 2251 720 2309 falsos
751 2253 886 2308 deos
920 2252 1143 2323 colunt,
1191 2252 1551 2307 occasionem
1586 2250 1901 2323 praecidat,
1941 2247 2130 2307 Deum
2161 2251 2398 2312 Israeli-

185 2345 380 2393 tarum
408 2336 672 2408 ridendi,
716 2338 869 2392 sicut
900 2353 1028 2391 cum
1064 2336 1320 2409 ipsorum
1354 2333 1467 2389 diis
1497 2342 1668 2410 poeta
1694 2332 1868 2407 facit,
1912 2352 2058 2408 quos
2087 2339 2394 2411 exquisitis

186 2420 671 2478 insectationibus
699 2417 854 2477 ridet
883 2428 941 2475 et
962 2420 1261 2498 exagitat·
1244 2458 1261 2487 ‚
1302 2416 1440 2475 hinc
1467 2417 1693 2477 inducit
1721 2416 2034 2497 israelitas,
2063 2436 2124 2476 se
2149 2421 2396 2480 invicem

183 2506 567 2577 excitantes,
597 2513 664 2562 ut
703 2522 759 2561 a
756 2500 914 2561 Jova
944 2506 1073 2561 solo
1109 2514 1268 2561 certo
1303 2521 1411 2561 suo
1447 2513 1620 2581 atque
1652 2512 1931 2579 perpetuo
1962 2512 2397 2584 propugnatore

189 2600 355 2663 opem
392 2597 755 2663 exspectents
820 2618 824 2627 ·

356 2670 619 2729 Psalmus
655 2670 983 2729 difficilibus
1017 2671 1372 2747 temporibus
1419 2671 1623 2747 populi
1663 2669 1852 2728 factus
1895 2672 2142 2730 videtur.
2225 2628 2396 2744 Quod

184 2757 343 2815 enim
376 2765 539 2813 vates
567 2754 756 2815 Deum
788 2766 918 2813 orat
950 2755 1134 2814 Versu
1165 2758 1259 2828 2.
1302 2764 1383 2814 n‘e
1410 2758 1669 2833 patiatur
1698 2773 1866 2813 suum
1899 2774 2109 2814 nomen
2140 2758 2392 2819 ludibrio

183 2840 390 2898 haberi
413 2841 566 2898 inter
592 2842 741 2923 alias,
767 2850 990 2940 gentes,
1032 2839 1197 2899 illud
1204 2850 1545 2920 argumento
1576 2849 1682 2914 est,
1724 2849 1864 2896 tunc
1891 2844 2176 2919 temporis
2197 2838 2392 2904 hostes

185 2922 500 2982 Israelitici
543 2926 746 3001 populi
792 2927 856 2983 in
902 2922 1079 2989 armis
1118 2924 1335 2998 fuisse,
1403 2944 1473 2983 ac
1512 2922 1877 2983 vehementer
1923 2924 2017 2981 illi
2056 2927 2392 3001 insultasse,

184 3002 526 3087 praesertim
570 3010 706 3084 quia
731 3010 808 3068 in
842 3004 989 3068 Jova
1024 3028 1178 3086 spem
1212 3019 1488 3087 poneret.
1555 3008 1756 3085 Neque
1797 3018 1988 3067 tamen
2028 3005 2139 3066 hoc
2179 3011 2394 3081 sufficit
2431 3051 2443 3055 -

186 3089 269 3149 ad
299 3094 574 3150 carminis
606 3084 747 3151 facti
768 3103 1010 3173 tempus
1047 3096 1374 3152 accuratius
1415 3089 1814 3167 definiendum.
1899 3094 2016 3161 Qui
2046 3078 2395 3153 Davidicum

158 3175 558 3251 existimant,
598 3172 690 3235 vel
719 3175 1030 3236 Iebusaeor'
1033 3197 1129 3237 um
1160 3171 1532 3236 insultationi
1562 3197 1628 3234 ac
1658 3177 2004 3256 gloriationi
2035 3173 2151 3234 de
2133 3196 2393 3254 ipsorum

186 3261 303 3325 diis
346 3257 415 3338 (2
431 3259 587 3324 Sam.
620 3254 681 3334 ὅ,
713 3258 802 3341 6.)
844 3267 1171 3339 oppositum
1211 3264 1605 3345 arbitrantur,
1665 3263 1758 3319 vel
1792 3279 1990 3337 preces
2034 3263 2395 3360 existimant,

229 3363 329 3402 uas
373 3342 628 3403 Davides
667 3350 1035 3427 usurpaverit
1077 3349 1139 3405 in
1179 3350 1358 3405 exilio
1396 3347 1780 3419 Absalonico,
1832 3354 2006 3421 quuin
2039 3338 2103 3401 in
2131 3338 2397 3405 Galilaea

183 3364 441 3488 geracem
435 3434 729 3502 exularet,
794 3442 852 3489 et
892 3433 954 3488 in
997 3433 1182 3489 limite
1220 3433 1390 3511 regni
1430 3434 1586 3504 sui,
1613 3431 1716 3487 ubi
1751 3439 1881 3487 erat
1918 3427 2231 3486 confinium
2265 3450 2396 3490 cum

181 3514 477 3572 idolorum
513 3507 870 3589 cultoribus3
923 3525 992 3572 ιιι
1023 3516 1348 3597 συγχοονός
1388 3518 1469 3573 sit
1503 3514 1598 3572 hic
1632 3512 1891 3570 Psalmus
1924 3506 2023 3570 42.
2107 3515 2224 3580 Qui
2257 3525 2395 3575 vero

179 3594 533 3657 Davidicum
565 3617 690 3656 esse
723 3613 842 3656 non
874 3609 1115 3676 putant,
1169 3611 1367 3659 eorum
1412 3600 1515 3655 alii
1554 3598 1629 3656 ad
1669 3595 1911 3654 Hiskiae
1948 3607 2204 3673 tempora
2244 3599 2396 3656 refe-

182 3672 362 3754 runt,
419 3691 477 3739 et
507 3693 711 3741 contra
742 3680 1055 3758 Rabsacis,
1097 3683 1471 3761 Assyriorum
1503 3683 1702 3753 ducis,
1747 3677 1954 3757 impias
1985 3682 2395 3739 insultationes

184 3765 470 3823 directum
513 3770 724 3825 volunt
766 3770 1013 3824 maxime
1057 3770 1129 3826 ob
1164 3768 1406 3826 Versum
1436 3769 1495 3823 2.
1516 3808 1535 3838 ,
1595 3764 1732 3824 coll.
1767 3784 1896 3824 cum
1935 3759 2138 3845 2Reg.
2163 3766 2260 3836 18,
2295 3756 2394 3822 32·

185 3846 290 3905 33.
320 3851 455 3907 34.
439 3893 456 3923 ,
519 3854 626 3910 alii
655 3849 1036 3910 Mardochaeo
1070 3862 1128 3909 et
1161 3851 1441 3909 Estherae
1472 3851 1775 3923 tribuunt,
1816 3862 1991 3929 quum
2023 3849 2250 3906 Haman
2281 3851 2396 3905 toi-

184 3933 308 3989 lere
359 3935 707 3994 ludaeorum
762 3946 991 4015 gentem
1049 3939 1371 3994 moliretur.
1457 3935 1574 3995 Sed
1618 3929 1847 3995 videtur
1899 3933 2214 3991 serioribus
2266 3940 2399 4009 post

185 4003 436 4075 reditum
471 4038 542 4077 ex
571 4021 894 4098 Babylonia
925 4020 1279 4097 temporibus
1309 4019 1496 4078 factus
1530 4038 1670 4078 esse.
1712 4019 1862 4078 Nam
1899 4015 2139 4076 deorum
2169 4019 2402 4076 vanitas·

186 4101 388 4159 codem
412 4101 538 4161 fere
563 4107 756 4178 modo,
790 4122 905 4182 qao
941 4106 1004 4161 in
1032 4108 1353 4181 posteriore
1380 4105 1522 4162 libri
1552 4104 1806 4179 Jesajani
1841 4111 2003 4179 parte
2033 4100 2396 4159 describitur.

353 4185 426 4244 ln
458 4185 702 4263 Syriaca
731 4200 905 4266 atque
935 4189 1158 4247 Graeca
1174 4190 1571 4248 Alexandrina
1599 4187 2095 4263 interpretatione,
2125 4185 2198 4242 ad
2226 4202 2399 4262 quaxn

186 4267 448 4348 Vulgata
473 4269 704 4346 Latina,
742 4273 989 4333 Arabica
1021 4284 1080 4332 et
1105 4272 1447 4349 Acthiopica
1475 4289 1782 4349 expressae
1813 4280 1971 4342 sunt,
2014 4269 2109 4327 bic
2139 4268 2404 4327 Psalmus

185 4372 318 4498 οιιιιΡι
343 4357 720 4500 ppaecedentc
751 4360 1103 4436 conjunctus
1122 4369 1245 4438 est3
1298 4367 1380 4418 et
1388 4357 1625 4421 Kimchi
1655 4364 1883 4502 iponet,
1927 4353 2078 4415 bunc
2104 4337 2408 4416 psalmum

313 4457 382 4499 sa
403 4458 479 4499 mu
1751 4457 1790 4500 ι’
