2807 4913
402 293 557 369 446
1211 300 1332 370 Pe
1374 299 1827 389 74,19.20.

401 480 585 573 „²33²”
624 475 983 575 ἥψω-διε
1035 489 1173 568 ἰ·Γξζι
1178 494 1216 541 ι’
1272 491 1406 542 ενι-ι
1464 480 1643 539 Vitae
1683 429 2044 558 afflictorum
2073 457 2322 543 tuos-am
2360 501 2448 544 no
2480 487 2648 546 o‘bli‘-

403 553 666 636 viscaria
706 563 783 624 in
803 575 1179 646 perpetuum.
1204 549 1463 642 Vitae,
1493 569 1647 643 qua'e
1668 586 2030 645 summopere
2057 571 2443 646 periclitatur,
2490 572 2646 634 dum

400 657 609 718 nostri
642 652 863 711 videris
907 670 1033 709 esse
1086 655 1342 726 oblitus,
1419 656 1757 728 nullamque
1801 673 2003 732 gerere
2046 673 2265 716 curam.
2347 659 2487 716 Alio
2535 658 2646 718 hie

406 739 715 799 adhibetur
754 754 929 794 sensu
960 754 1081 796 vox
1122 747 1283 809 ww,
1336 756 1510 813 quam
1545 740 1609 797 in
1638 737 2003 797 hemistichia
2034 739 2446 815 praecedente,
2507 745 2647 808 nisi

404 828 655 900 utroque
693 828 977 904 catervae
1016 823 1413 903 significatum
1450 839 1675 896 sumas3
1734 833 1858 880 tum
1900 823 2111 881 Versus
2150 835 2357 883 noster
2400 830 2491 885 ita
2529 846 2644 885 so-

404 910 602 968 nabit:
649 925 721 964 ne
760 904 1007 976 objicias
1046 907 1423 966 multitudini
1465 904 1723 968 bostium
1765 916 2060 965 turturem
2100 918 2298 983 tuam,
2348 913 2648 970 multitu-

406 993 567 1051 dinis
595 1001 967 1071 pauperum,
1028 1001 1168 1049 tuae
1207 993 1392 1049 solius
1437 1011 1620 1050 curae
1662 991 2043 1066 relictorum,
2099 1011 2173 1050 nc
2223 994 2643 1056 obliviscaris.

402 1068 560 1136 Voce
601 1076 835 1152 propria
877 1085 1050 1161 '3³⁵³'
1088 1075 1453 1152 afflictorum
1496 1086 1759 1150 tuorum,
1813 1079 1976 1157 prior
2011 1080 2278 1136 turturis
2313 1084 2642 1158 appellatio

398 1160 803 1262 metaphorica
835 1162 978 1218 satis
1017 1164 1315 1239 perspicue
1353 1161 1705 1220 declaratur.
1815 1172 1821 1179 ’

575 1332 678 1389 20.
739 1324 948 1421 η’·ᾎὲξ
990 1339 1133 1391 narr
1162 1329 1415 1409 Respice
1445 1331 1528 1389 ad
1548 1327 1801 1403 foedas,
1844 1349 1926 1388 sc.
1959 1331 2119 1409 quod
2144 1288 2462 1410 pepigisti
2496 1352 2640 1393 cum

394 1415 688 1499 patribus
726 1397 991 1489 nostris,
1046 1428 1114 1472 ut
1145 1426 1303 1474 recte
1336 1409 1654 1473 Chaldaeus
1691 1414 1947 1492 addidit3
2012 1415 2213 1490 foedus
2248 1420 2406 1475 enim
2445 1420 2637 1476 intel·
2689 1471 2694 1480 .

380 1504 635 1585 -ligitur
652 1500 833 1573 illud,
888 1500 1042 1577 quod
1081 1498 1240 1558 Deus
1284 1502 1423 1557 iniit
1466 1519 1596 1557 cum
1628 1501 1991 1575 Abrahamo,
2043 1500 2243 1558 Isaaco
2285 1511 2345 1559 et
2383 1502 2634 1576 Iacobo,

406 1588 552 1647 Gen.
585 1586 754 1659 12,3
759 1584 924 1657 .,15
963 1587 1148 1643 1.18.
1234 1585 1381 1643 Esto
1415 1604 1632 1648 memor
1662 1585 1914 1643 foederis
1956 1587 2044 1643 tui
2074 1586 2250 1659 facti,
2311 1587 2470 1662 quod
2517 1590 2636 1646 tibi

405 1674 706 1731 nobiscum
742 1670 1064 1728 intercedit.
1145 1660 1252 1730 ’πη
1300 1666 1618 1760 affin-'z
1651 1667 1804 1726 Nam
1837 1663 2022 1751 plena
2063 1680 2203 1729 sunt
2246 1670 2634 1730 tenebricosa

350 1753 359 1756 ⁷
407 1767 614 1815 terrae
661 1751 1024 1812 habitaculis
1074 1737 1407 1812 violentiaef
1442 1734 1910 1812 Tenebricosis
1956 1765 2160 1812 terrae
2202 1754 2261 1811 h.
2305 1757 2345 1811 l.
2389 1757 2631 1835 signifi·

343 1882 359 1900 .
406 1851 615 1899 cantur
655 1837 810 1897 haud
849 1839 1041 1895 dubie
1063 1840 1259 1897 abdita
1300 1842 1464 1910 loca,
1522 1839 1812 1912 latebrae,
1867 1850 1958 1912 et,
2019 1850 2086 1897 ut
2129 1842 2308 1918 vulgo
2353 1837 2632 1915 dicimus,

408 1926 613 2005 anguli
642 1933 850 1995 terrae,
878 1942 1021 1999 quos
1051 1935 1246 1981 omncs
1276 1934 1586 1999 occupatos
1616 1925 1878 1999 queritur
1909 1942 1943 1980 a
1971 1927 2262 1995 violentis,
2288 1926 2627 1982 latronibus

405 2012 632 2069 scilicet
677 2017 734 2065 et
783 2005 1188 2084 direptoribus.
1272 2010 1391 2066 Alii
1433 2008 1887 2097 γ’),Ν-Ἶξῖύπυ
1930 2009 2290 2089 transferunt
2338 2011 2627 2068 tenebras

405 2115 456 2153 s.
485 2094 772 2171 caligines
804 2102 1040 2167 terrae,
1076 2112 1217 2169 quas
1249 2095 1707 2170 interpretantur
1743 2096 2003 2150 miserias
2035 2087 2318 2150 maximas
2356 2101 2419 2149 et
2458 2095 2628 2151 cala-

404 2180 845 2248 mitosissiinas,
888 2180 1021 2237 coll.
1057 2175 1302 2252 Jes.42‚
1338 2180 1433 2238 16.
1481 2179 1578 2237 Ps.
1608 2177 1710 2251 88,
1747 2180 1831 2234 7.·
1788 2220 1833 2251 .,
1890 2199 2069 2280 porro
2102 2178 2377 2252 adjuncto
2413 2188 2628 2242 terrae

404 2265 639 2324 nomine
684 2263 987 2342 designari
1034 2274 1240 2341 putant
1278 2266 1591 2346 caliginem
1644 2266 2098 2341 crassissimam,
2166 2264 2358 2338 qualis
2418 2265 2501 2320 sit
2554 2266 2623 2321 in

404 2351 596 2411 media
621 2358 818 2420 terra,
875 2348 975 2404 ubi
1008 2366 1114 2404 nec
1150 2351 1395 2420 rimula,
1456 2369 1558 2425 per
1590 2367 1760 2425 quam
1795 2350 1899 2406 lux
1937 2350 2303 2420 illaberetur3
2364 2348 2623 2424 denique

406 2445 604 2498 ozan·
618 2436 766 2494 nitu
805 2429 1204 2491 habitationes
1244 2432 1591 2507 violentiae,
1635 2434 1962 2509 explicant,
2006 2451 2105 2509 per
2139 2432 2484 2491 Genitivum
2515 2434 2626 2491 ad-

395 2502 619 2596 juncti,
661 2499 1081 2590 habitationes,
1130 2537 1276 2596 quae
1311 2521 1493 2576 variis
1530 2521 1602 2577 ab
1637 2517 1902 2577 hostibus
1938 2520 2179 2593 injuriis
2216 2518 2623 2593 violentiaque
2669 2564 2688 2573 -

403 2603 645 2662 affectae
671 2601 911 2685 fuerint,
951 2611 1202 2660 ceterum
1245 2612 1688 2700 γἿὲέ-ὉΨΠΆ
1736 2604 2029 2678 accipiunt
2065 2621 2168 2702 pro
2198 2602 2497 2674 Ablativo,
2547 2611 2622 2659 ut

400 2687 543 2746 haec
574 2688 653 2743 sit
680 2680 900 2765 integri
928 2685 1276 2745 hemistichii
1306 2686 1634 2788 sententia,
1671 2687 2056 2745 habitationes
2089 2687 2319 2760 injuriis
2353 2685 2623 2744 hostium

403 2771 700 2847 expositas
733 2771 978 2844 repletas
1007 2789 1133 2829 esse
1165 2773 1327 2828 luctu
1356 2782 1415 2830 et
1440 2773 1731 2829 miseriis.
1794 2770 1993 2828 Priori
2027 2781 2217 2827 tamen
2256 2771 2621 2846 interpreta-

400 2856 555 2914 tioni
583 2853 739 2910 favet
771 2855 978 2910 similis
1007 2856 1315 2913 verborum
1352 2857 1495 2913 ordo
1530 2867 1588 2913 et
1617 2856 1974 2913 constructio
2004 2857 2144 2919 locis
2172 2857 2341 2926 aliis,
2398 2857 2619 2931 quibus

330 2978 335 2985 ,
398 2939 640 2999 verbum
679 2932 813 3024 &2272
844 2947 1191 3014 usurpatum
1244 2941 1426 2998 veluti
1452 2935 1585 3001 Jes.
1603 2942 1707 3013 28,
1738 2943 1792 2998 8.
1839 2956 2031 2995 omnes
2071 2956 2304 2996 mensae
2341 2938 2619 3016 repletae

401 3032 544 3083 sunt
559 3021 751 3095 foedo
780 3004 1034 3097 bamam
1075 3020 1329 3096 mono,
1354 3026 1449 3083 12.
1483 3043 1657 3098 cujus
1686 3025 1904 3082 divites
1922 3023 2093 3102 pleni
2120 3032 2261 3080 sunt
2289 3023 2620 3100 violentia,-

403 3109 552 3167 Gen.
582 3109 645 3181 6,
684 3106 903 3163 11.13.
957 3067 1136 3185 pl'eaa
1171 3116 1266 3166 est
1312 3119 1483 3168 terra
1526 3098 1851 3183 violentia3
1926 3108 1995 3166 cf.
2035 3108 2146 3167 Jes.
2185 3109 2279 3179 ll,
2308 3108 2369 3162 9.
2410 3108 2517 3179 28,
2552 3111 2618 3166 8.

399 3190 515 3250 Jer.
538 3191 652 3267 51,
682 3188 741 3247 5.
781 3189 883 3259 Es.
918 3193 977 3263 7,
1001 3192 1107 3252 23.
1147 3192 1242 3250 Ps.
1275 3195 1378 3267 26,
1411 3197 1505 3254 lo.
1552 3196 1691 3267 194,
1720 3196 1821 3263 24.
1837 3233 1886 3266 ,
1916 3193 2124 3269 quibus
2156 3193 2299 3249 locis
2337 3192 2614 3250 omnibus

396 3258 596 3349 locus,
640 3276 741 3352 qui
770 3275 965 3351 aliqua
992 3297 1052 3335 re
1081 3281 1336 3355 repletus
1370 3280 1640 3350 dicitur,
1664 3280 1884 3355 primo,
1925 3295 2021 3335 res
2051 3288 2240 3333 autem
2271 3276 2411 3348 illa,
2458 3293 2614 3351 quae

398 3362 617 3435 replet,
670 3358 920 3418 secundo
950 3364 1078 3420 loco
1113 3366 1373 3440 ponitur.
1459 3362 1695 3421 Veteres
1732 3365 1797 3421 in
1830 3373 2032 3420 nostro
2064 3357 2433 3418 hemistichia
2471 3361 2612 3418 red-

312 3516 335 3532 !
398 3444 584 3531 dendo
595 3444 960 3548 ᾱίεοιοριιιιι.
1029 3446 1499 3506 Alexandrinus:
1547 3436 1644 3510 o'u
1679 3439 2140 3528 ἐπληρώθησαν
2181 3445 2240 3506 οἱ
2274 3444 2611 3523 ἐσκοτωμέ-

395 3550 495 3592 voi
548 3526 656 3609 τῆς
708 3531 814 3619 γῆς
863 3523 1042 3591 οἴκων
1086 3526 1383 3609 ἇνομίων,
1457 3533 1599 3609 quia
1642 3528 1864 3610 repleti
1905 3541 2074 3605 sunt,
2146 3531 2250 3608 qui
2291 3527 2612 3587 obscurati

395 3621 541 3673 sunt
583 3614 816 3685 terrae,
859 3613 1122 3674 domibus
1163 3617 1550 3693 iniquitatis,
1603 3626 1674 3676 ut
1698 3617 1982 3694 vulgatus
2010 3616 2296 3685 reddidit,
2357 3633 2608 3715 quorum

324 3732 329 3739 ·
390 3697 701 3757 verborum
733 3706 837 3754 aut
870 3701 1065 3785 nullus
1099 3710 1189 3757 est
1219 3718 1457 3773 sensus,
1515 3712 1618 3759 aut
1652 3701 1776 3760 hie.
1833 3699 2094 3758 homines
2132 3698 2277 3755 viles
2317 3714 2388 3755 ac
2429 3699 2606 3776 igno-

388 3782 535 3840 biles
582 3783 804 3859 repleti
864 3793 1004 3840 sunt
1059 3786 1292 3859 palatiis
1356 3802 1462 3860 per
1517 3787 1853 3845 violentiam
1925 3792 1985 3840 et
2049 3783 2325 3858 injuriam
2389 3784 2600 3859 partis.

389 3867 662 3959 hwa-5¹77:-
712 3867 970 3932 Graecus
1026 3870 1310 3943 interpres
1365 3870 1595 3928 eosdem
1649 3867 1929 3941 credidit,
1997 3870 2130 3944 qui
2123 3866 2319 3925 Prov.
2355 3868 2470 3939 22,
2500 3867 2603 3923 29.

390 3932 615 4039 &aq—‚fn
643 3963 968 4022 vocantur,
1029 3952 1237 4027 quibus
1266 3949 1527 4011 homines
1561 3956 1837 4013 obscuros
1867 3963 1927 4010 et
1956 3953 2242 4033 ignobiles
2278 3950 2603 4031 significari

390 4014 746 4094 existimant.
811 4032 1164 4093 Chaldaeus.
1200 4038 1475 4114 quoniam
1501 4038 1676 4117 ploni
1703 4046 1842 4096 sunt
1868 4036 2001 4111 filii
2030 4054 2230 4093 eorum
2256 4036 2603 4111 (israelitas,

390 4120 606 4191 posteri
638 4117 1103 4177 Patriarcharum
1120 4157 1140 4188 ,
1198 4137 1446 4195 quorum
1475 4124 1538 4179 in
1575 4125 1789 4199 prioris
1825 4119 2174 4179 hemistichii
2214 4120 2601 4178 translatione

390 4203 729 4263 meminerat
755 4201 1077 4260 Chaldaeus
1107 4203 1430 4279 interpres,
1472 4207 1591 4265 vid.
1622 4205 1825 4283 supra)
1870 4204 2254 4277 obscuritate,
2299 4221 2432 4261 seso
2472 4200 2602 4273 duf-

368 4281 676 4353 fundente
720 4302 904 4362 super
948 4295 1198 4360 terram,
1242 4287 1531 4347 violentia
1571 4300 1637 4347 et
1665 4291 1941 4370 rapinis.
2028 4287 2281 4362 Ellipsin
2322 4288 2600 4345 nimirum

383 4369 611 4443 explere
634 4371 855 4442 voluit3
897 4371 990 4428 vel
1012 4373 1186 4430 etiam
1221 4373 1689 4450 impersonaliter
1718 4393 1766 4434 s.
1793 4374 2058 4433 absolute
2087 4374 2313 4449 accepit
2340 4371 2602 4441 verbum,
