2807 4913
940 298 1061 366 Ρ..
1103 295 1222 396 55„
1290 293 1634 380 llo—104.
2251 300 2394 374 351

726 429 749 456 Ι
1300 441 1307 452 2
1380 448 1385 454 .
1744 445 1752 456 .

184 469 484 542 intestinis
533 482 686 541 odiis
732 485 791 540 et
808 455 1328 557 dissensionibus3
1394 484 1550 540 sicut
1599 493 1731 541 cum
1777 450 2067 542 scinditur
2111 487 2400 550 incertum

183 566 429 626 studia
410 586 476 624 ιιι
507 568 805 625 contraria
828 568 1059 648 vulgus.
1145 576 1303 655 *7722
1334 599 1413 612 —
1444 577 1515 628 72³
1556 565 1740 626 Video
1770 569 1924 625 enim
1962 569 2300 629 violentiam
2337 585 2402 633 et

184 650 393 709 rixam
416 653 497 709 in
541 651 718 727 urbe,
775 653 977 726 video,
1035 652 1190 731 quod
1229 636 1514 726 injuriae,
1573 655 1890 710 certamina
1920 663 1979 711 et
2010 655 2214 713 turbae
2247 657 2400 718 hanc

186 738 389 794 urbem
420 740 758 813 occuparint
790 747 1006 810 totam,
1073 747 1133 795 et
1165 738 1300 793 talis
1338 739 1577 796 omnino
1611 747 1741 795 erat
1770 736 2185 815 Hierosolyma
2213 744 2401 801 Absa-

189 822 390 879 lonico
435 823 541 878 illo
586 832 876 898 tempore,
952 821 1081 879 idco
1131 831 1189 879 et
1227 820 1432 902 fugere
1482 822 1616 881 inde
1657 840 1887 879 necesse
1931 822 2154 882 habuit.
2243 827 2401 886 Sunt

148 917 416 980 ¹tamen,
475 907 577 983 qui
615 910 853 965 civitate
892 908 997 964 illa
1031 906 1362 965 Hebroncm
1393 917 1599 982 putent
1627 907 1982 986 significari,
2037 926 2106 966 eo
2150 923 2400 987 namque

186 991 339 1048 ierat
366 992 673 1066 Absalom,
700 994 900 1067 ‚specie
929 993 1159 1069 quidem
1189 1000 1258 1048 ut
1283 1001 1421 1048 vota
1451 990 1752 1063 redderet,
1795 1010 1862 1048 re
1890 991 2049 1068 ipsa,
2097 989 2165 1051 ut
2193 999 2398 1070 conju·
2447 1019 2450 1022 ·

187 1085 351 1134 ratos
391 1077 534 1133 illuc
567 1086 833 1156 cogeret,
887 1087 946 1133 et
973 1077 1233 1134 convivii
1267 1076 1492 1134 scilicet
1523 1086 1824 1153 praetextu
1853 1075 1928 1134 ad
1957 1079 2130 1151 dapes
2156 1097 2399 1141 evocare

188 1160 483 1236 principes
522 1163 723 1238 populi
765 1163 984 1220 liceret.

365 1271 462 1328 11.
545 1273 799 1332 manin
826 1303 908 1314 -
942 1271 1089 1331 07:⁸77
1122 1268 1276 1328 Dies
1314 1279 1631 1348 noctesque
1662 1270 2033 1327 circumeunt
2072 1272 2232 1331 illam
2267 1278 2403 1334 vio·

187 1357 376 1415 lentia
418 1366 479 1414 et
523 1338 822 1413 contentio
868 1354 969 1428 (id
1006 1339 1172 1432 quod
1214 1376 1289 1414 ex
1331 1356 1433 1415 Vs.
1473 1357 1568 1416 10.
1621 1367 1708 1413 est
1749 1357 2163 1433 repetendum)
2218 1378 2401 1439 super

189 1444 380 1499 muris
410 1438 569 1514 ejus,
610 1443 778 1517 quasi
806 1442 1020 1498 milites
1051 1443 1263 1498 armati
1290 1442 1353 1498 in
1381 1443 1565 1498 muris
1595 1442 1902 1501 excubant.
1977 1439 2403 1524 Comparantur

188 1529 440 1603 injuriae
474 1536 533 1583 et
561 1527 762 1583 turbae
795 1545 944 1603 quae
974 1526 1171 1583 urbem
1202 1527 1364 1583 illam
1392 1536 1713 1602 occupant,
1749 1517 2087 1584 custodibus
2120 1530 2401 1603 civitatis,

190 1613 261 1668 'ac
290 1613 656 1669 stationariis
690 1612 974 1668 militibus
1002 1628 1106 1686 per
1135 1629 1333 1669 muros
1367 1611 1893 1683 circumeuntibus,
1951 1615 2119 1689 quasi
2163 1613 2403 1688 diceret,

189 1717 225 1754 o
258 1695 482 1754 felicem
523 1697 744 1752 scilicet
788 1697 1019 1768 urbem,
1077 1696 1175 1752 cui
1203 1698 1346 1752 tales
1381 1696 1651 1754 custodes
1683 1696 1756 1753 ad
1785 1714 1983 1753 muros
2026 1697 2203 1772 positi
2236 1709 2399 1772 sunt,

189 1792 249 1838 et
296 1780 577 1853 ejusmodi
614 1781 797 1836 muris
839 1790 1032 1856 septa,
1089 1798 1163 1836 ne
1200 1781 1414 1838 virtuti
1459 1789 1519 1836 et
1554 1783 1685 1857 paci
1729 1790 1926 1853 pateat
1967 1782 2190 1852 aditus:
2254 1802 2401 1859 quac

189 1866 334 1923 adeo
364 1859 688 1922 indefessis
702 1865 772 1921 ab
804 1864 1185 1942 pervigilibus
1218 1864 1552 1923 custodibus
1583 1875 1845 1937 tenetur,
1901 1878 1968 1924 ut
1995 1867 2095 1922 die
2127 1884 2197 1924 ac
2231 1879 2404 1926 nocte

189 1951 563 2048 pervigilent,
606 1965 790 2027 neque
822 1950 1117 2005 tantillum
1155 1951 1340 2025 quieti
1371 1951 1708 2009 concedant.
1793 1960 2017 2042 '272'7323
2061 1946 2220 2012 5739Ὶ
2260 1965 2400 2044 ῑἹΝῚ

190 2033 277 2090 Et
322 2034 617 2110 iniquitas
658 2053 733 2091 ac
766 2033 1040 2090 molestia
1077 2033 1142 2089 in
1185 2034 1371 2090 medio
1415 2033 1582 2108 ejus,
1640 2035 1847 2109 quibus
1879 2047 1940 2090 s'e
1980 2044 2037 2090 et
2071 2016 2223 2092 alios
2262 2055 2405 2094 con·-

188 2117 411 2174 ficiunt.
496 2115 598 2175 Sic
625 2121 811 2197 igitur
841 2126 958 2174 tam
984 2119 1202 2175 extima
1231 2136 1401 2192 quam
1432 2121 1641 2177 intima
1672 2118 1843 2194 hujus
1873 2120 2035 2176 urbis
2063 2122 2231 2214 plena
2263 2131 2408 2179 sunt

191 2203 354 2260 omni
388 2219 599 2281 genere
638 2203 861 2259 fraudis
901 2211 958 2260 et
999 2203 1365 2275 injuriarum.

365 2312 464 2367 12.
545 2308 896 2369 Pravitates
937 2311 999 2368 in
1034 2310 1224 2369 medio
1267 2312 1460 2387 illius,
1515 2330 1622 2369 nec
1663 2313 1896 2373 recedit
1939 2330 1981 2370 a
2013 2311 2228 2390 platea
2266 2311 2405 2386 ejus

189 2397 508 2478 oppressio
551 2405 615 2453 et
636 2395 855 2470 fraus.
937 2393 1053 2453 De
1067 2397 1301 2455 nomine
1343 2404 1436 2484 ,μὴ
1472 2397 1585 2456 vid.
1616 2399 1688 2455 ad
1723 2399 1820 2472 10,
1849 2402 1909 2459 7.
1996 2395 2167 2466 Quod
2209 2407 2406 2455 autem

187 2481 554 2581 poetasolicit,
601 2484 1027 2559 oppressionem
1057 2493 1119 2540 et
1143 2481 1405 2541 fraudem
1439 2501 1561 2540 non
1586 2485 1853 2543 recedere
1892 2502 1933 2541 a
1967 2484 2197 2561 plateis
2240 2485 2402 2540 illius

188 2567 471 2638 civitatis,
514 2586 582 2625 eo
615 2567 803 2643 aliqui
830 2565 989 2624 hoc
970 2569 1139 2625 mnui
1162 2570 1521 2640 existimant,
1550 2587 1672 2626 non
1699 2570 1762 2625 in
1795 2571 2027 2648 angulis
2055 2569 2155 2625 illa
2183 2569 2408 2629 scelera

183 2650 337 2723 fieri,
380 2651 502 2724 sed,
551 2652 772 2726 pudore
808 2652 1072 2725 sublato,
1118 2653 1310 2726 palam
1344 2655 1407 2709 in
1435 2652 1701 2730 publico,
1747 2663 1807 2711 et
1839 2658 1899 2710 in
1929 2656 2074 2727 ipsis
2101 2654 2406 2710 latissimis

188 2737 674 2814 amplissimisque
713 2739 856 2794 locis
895 2736 1163 2810 admitti,
1214 2756 1344 2796 cum
1376 2740 1542 2796 nulla
1572 2738 1921 2798 verecundia
1952 2737 2093 2798 haec
2121 2748 2404 2810 moretur,

184 2822 351 2879 nulla
388 2821 486 2880 lex
528 2831 811 2883 coerceat.

362 2923 461 2980 13.
514 2914 706 2996 Hujus
733 2923 842 2994 rei,
881 2923 1094 2999 inquit,
1135 2925 1250 2981 mei
1276 2933 1520 2982 eventus
1548 2921 1893 2987 documento
1921 2934 2079 2993 sunt,
2117 2924 2216 2999 qui
2244 2940 2427 2981 sum·.
2459 2935 2476 2947 ²

183 3027 342 3069 mam
372 3026 596 3079 eorum,
628 3025 771 3083 quos
797 3009 1012 3064 amicos
1043 3010 1265 3083 putavi,
1304 3008 1606 3082 perfidiam
1632 3008 1920 3082 experior.
1984 3004 2290 3070 :fin-&⁰2
2329 3019 2404 3068 72>

185 3099 368 3157 &iz->M
426 3104 646 3152 ‘’annu''
697 3088 831 3148 Non
872 3092 1025 3149 em'm
1061 3091 1257 3150 hostis
1301 3092 1642 3151 manifestus
1682 3089 1780 3169 (ut
1819 3110 1896 3149 ex
1929 3092 2031 3151 Vs.
2070 3095 2169 3148 14.
2211 3077 2403 3168 patet)

172 3156 479 3259 probris
474 3196 561 3233 me
585 3156 829 3250 ciffi'cit,
887 3179 1069 3234 tantis
1106 3197 1201 3235 me
1242 3196 1398 3234 nunc
1438 3177 1617 3235 afficit
1648 3178 1921 3233 convitiis
1959 3179 2403 3252 calumniisque,
2501 3185 2508 3191 “

184 3281 324 3320 nam
361 3260 472 3318 hoc
509 3263 856 3338 sufferrem,
913 3265 1070 3336 sive,
1113 3262 1376 3340 alioquin
1423 3261 1878 3321 sustinuissem
1854 3306 1874 3336 ,
1931 3263 2141 3340 quodsi
2176 3264 2275 3339 qui
2310 3280 2403 3318 me

184 3349 556 3405 contumeliis
586 3349 983 3423 persequitur,
1026 3356 1252 3423 apertas
1282 3349 1624 3405 inimicitias
1655 3356 1824 3403 antea
1850 3365 2070 3405 mecum
2105 3349 2402 3405 exercuis-
2463 3330 2474 3355 Ι

185 3442 315 3504 set,
370 3430 516 3489 ferri
553 3449 622 3487 ea
657 3432 876 3504 injuria
908 3442 1200 3509 utcunque
1239 3442 1484 3508 poterat.
1568 3423 1674 3493 '727
1719 3429 2081 3522 3Ν3Ὧ73·Ν5
2123 3432 2240 3499 Qui
2285 3447 2412 3488 non.

186 3533 330 3575 osor
368 3534 530 3574 meus
575 3528 808 3590 apertus
839 3526 987 3587 erat,
1030 3534 1160 3574 sess
1195 3518 1422 3573 extulit
1458 3526 1678 3573 contra
1707 3532 1817 3586 mc,
1834 3497 2123 3593 alioquin
2158 3516 2406 3574 abscon-

78 3646 81 3647 ν
183 3600 406 3659 dissem
446 3619 534 3671 ηιο
577 3599 651 3655 ab
692 3618 792 3673 eo,
839 3602 889 3658 si
924 3603 1025 3677 qui
1056 3619 1213 3658 nnnc
1242 3602 1559 3658 insolenter
1588 3600 1865 3657 adversus
1893 3620 1985 3657 me
2011 3602 2300 3680 insurgit,
2343 3609 2406 3658 et

180 3689 308 3744 vim
336 3684 484 3742 mihi
517 3684 792 3755 ostendit,
833 3683 930 3742 hic
959 3687 1145 3764 igitur
1176 3687 1227 3742 si
1260 3686 1605 3743 ostendisset
1638 3682 1815 3758 mibi,
1859 3685 2014 3764 quod
2042 3686 2259 3743 odisset
2292 3704 2402 3757 me,

183 3780 248 3828 et
290 3779 551 3845 apertam
576 3770 863 3842 injuriam
906 3772 1180 3828 adversus
1222 3790 1314 3827 me
1355 3771 1739 3842 exercuisset,
1797 3772 2073 3828 nimirum
2121 3772 2414 3827 cavissem

178 3851 331 3912 mihi
371 3854 442 3911 ab
485 3858 645 3932 ipso,
706 3872 894 3929 neque
935 3874 1026 3912 me
1063 3854 1281 3911 furenti
1323 3856 1691 3928 objecissem,
1747 3865 1851 3912 aut
1888 3856 2247 3913 occasionem
2285 3854 2406 3911 mei

176 3924 450 3997 laedendi
484 3940 889 4016 praebuissem.
952 3938 1045 3997 De
1074 3938 1356 3999 formula:
1399 3940 1622 4017 efferre
1655 3956 1721 3997 80
1758 3935 2008 4034 (ξηαπ)
2040 3948 2258 3995 contra
2287 3938 2406 3995 ali-

181 4042 376 4102 quem,
417 4024 534 4084 vid.
565 4024 638 4083 ad
665 4022 763 4081 Ps.
792 4022 897 4097 35,
928 4026 1028 4081 26.

363 4126 462 4183 14.
551 4112 934 4182 Peculiariter
983 4125 1306 4201 quempiam
1356 4127 1696 4201 compellat,
1769 4144 1936 4203 quem
1984 4122 2191 4181 habuit
2246 4123 2402 4182 inter

154 4210 493 4286 -p'rimarios
524 4209 742 4266 amicos
773 4216 832 4263 et
863 4216 1219 4266 secretorum
1245 4224 1486 4267 suorum
1518 4213 1846 4283 conscium,
1900 4210 2060 4282 cujus
2105 4207 2406 4286 perfidiam

176 4296 377 4351 fuerat
404 4304 712 4369 expertus:
753 4293 840 4350 At
880 4302 965 4350 tw
988 4293 1254 4368 aequalis
1298 4312 1481 4367 meus,
1529 4294 1679 4352 milae·
1708 4295 2065 4367 conjunctus
2109 4304 2171 4351 et
2203 4293 2403 4368 fami-

145 4377 384 4466 liaris..
448 4388 650 4473 ²:373?
690 4377 856 4470 115Ὅῇ
888 4378 963 4437 ad
992 4371 1261 4439 v’etbum:
1303 4376 1469 4436 homo
1514 4381 1829 4441 secundum
1864 4378 2239 4440 taxationem
2272 4377 2409 4451 mci,
