2807 4913
1024 280 1152 347 Pa.
1203 277 1324 362 51,
1388 274 1729 417 ι6-ἷι9,
1870 373 1873 382 .
2010 379 2015 386 J
2316 282 2495 368 339

267 480 453 539 quum
497 462 602 539 qui
646 463 746 521 ab
763 442 887 534 ejus
929 468 1219 536 potestate
1268 480 1341 520 ac
1388 462 1616 521 ditione
1658 470 1936 539 tanquam
1978 461 2230 537 perfidus
2279 484 2350 525 ac
2394 469 2495 529 de-

263 558 469 606 sertor
524 548 807 617 descivit,
878 564 1083 604 rursus
1138 548 1213 606 ad
1260 549 1427 605 illum
1473 566 1582 622 pro
1622 565 1763 604 vero
1802 544 1932 604 Deo
1971 543 2340 628 Dominoque
2385 553 2492 614 ha-

266 632 522 690 bendum
588 623 1133 711 agnoscendumque
1196 634 1536 692 revertitur.
1633 630 1729 691 Eo
1793 649 1969 692 sensu
2008 628 2177 690 -hoec
2222 638 2490 715 loquutio

263 718 472 775 aderat
508 718 625 789 22,
662 718 762 773 28.

443 816 540 874 16.
626 825 833 902 03733123
883 810 1125 897 ⁴⁸:23⁸ng
1169 815 1392 875 Libera
1432 834 1522 874 me
1563 835 1605 875 a
1641 815 2052 894 sanguinibus,
2093 817 2134 874 i.
2168 838 2217 875 e.
2254 838 2290 877 a
2316 833 2487 886 reatu

263 920 337 960 ac
374 917 562 978 poena
603 882 910 979 sanguinis
951 899 1130 959 Uriae
1172 905 1503 960 innocentis
1535 904 1897 1002 aliorumque
1927 921 2081 959 cum
2076 922 2158 966 eo
2189 922 2487 968 caesorum

170 1001 174 1008 ’
263 986 341 1066 (2
358 988 516 1045 Sam.
551 989 646 1060 ll,
668 984 793 1058 17.)
840 986 1205 1062 iniquissime
1246 985 1436 1045 effusi.
1520 994 1682 1048 mm
1727 987 1882 1043 enim
1924 1005 2030 1061 pro
2069 998 2243 1046 reatu
2270 993 2487 1051 -caedis

262 1091 436 1148 saepe
479 1072 597 1129 dici
638 1073 823 1140 solet,
881 1089 1048 1147 quem
1098 1075 1261 1149 sequi
1307 1072 1512 1130 debeat
1547 1054 1798 1151 sanguis
1840 1072 2224 1147 delinquentis
2271 1077 2484 1136 iterum

260 1155 623 1225 fundendus3
684 1174 744 1214 v.
776 1176 842 1235 g
868 1156 977 1213 Ex.
1011 1156 1115 1229 22,
1154 1159 1205 1215 1.
1235 1159 1292 1214 3.
1337 1158 1667 1232 percussori
1711 1153 2009 1212 effossuris
2044 1163 2322 1217 nocturni
2365 1180 2483 1220 non

262 1249 412 1299 sunt
450 1242 806 1318 sanguines,
866 1242 904 1296 i.
938 1260 987 1297 e.
1029 1252 1202 1299 vacat
1244 1243 1413 1317 culpa
1454 1260 1523 1297 ae
1558 1258 1745 1315 poena
1784 1238 2117 1313 homicidii,
2181 1253 2388 1302 contra
2429 1248 2483 1305 si

257 1328 386 1383 sole
423 1334 628 1383 exorto
660 1327 721 1383 id
745 1325 971 1397 feeerit,
1013 1334 1158 1382 sunt
1197 1327 1270 1388 ei
1296 1325 1621 1403 sanguines
1654 1320 1789 1402 (Vs.
1815 1322 1927 1402 2.).
1984 1323 2070 1383 cf.
2103 1324 2279 1385 Deut.
2298 1331 2401 1403 22,
2418 1333 2479 1389 8.

262 1398 839 1503 19‚10.·-mgawn
902 1405 1077 1490 wsb&
1130 1407 1347 1488 Ε3ηέΝ.
1393 1409 1599 1483 Deus,
1656 1405 1823 1466 Deus
1867 1408 2082 1470 salictis
2123 1430 2317 1486 meae,
2376 1417 2478 1490 qui

256 1494 408 1553 mihi
457 1478 709 1552 salutem
743 1505 1001 1571 praestas
1017 1536 1036 1567 ,
1046 1492 1209 1553 vid.
1250 1491 1345 1556 ad
1369 1496 1486 1568 24,
1518 1496 1577 1553 5.
1625 1494 1756 1554 coll.
1786 1495 1905 1567 42,
1933 1494 1994 1554 9
2038 1498 2143 1569 43,
2172 1497 2231 1552 2.
2315 1507 2477 1590 ῖὲἻ-ιη.

197 1587 488 1680 ’ἤην-μζ
534 1575 711 1672 333ιυί3.
757 1578 984 1638 Ovabit
1024 1579 1231 1657 lingua
1273 1600 1402 1642 mea
1442 1580 1514 1638 de
1536 1576 1804 1656 justitia
1837 1587 1967 1653 tua,
2007 1597 2137 1638 eum
2169 1580 2314 1639 mihi
2341 1602 2481 1658 poe-

197 1658 475 1721 nitenti
519 1659 873 1740 peperceris,
933 1673 1204 1743 tuamque
1235 1669 1378 1725 adeo
1415 1668 1477 1723 in
1514 1663 1814 1724 servandis
1856 1666 2159 1759 promissis
2198 1664 2369 1724 fidem
2408 1685 2478 1725 ac

245 1749 541 1823 justitiam
576 1750 917 1808 ostenderis.
999 1747 1114 1809 De
1131 1753 1310 1810 verbo
1353 1759 1459 1840 μή.
1500 1752 1617 1810 vid.
1651 1749 1727 1809 ad
1758 1749 1862 1824 33,
1887 1751 1942 1806 1.
1924 1787 1978 1824 .,
2038 1749 2108 1808 de
2148 1761 2336 1842 ΠΡἋξ
2364 1750 2478 1824 ju·
2518 1757 2521 1764 “

165 1869 182 1878 κ
257 1836 459 1909 stitia,
500 1835 806 1893 clementia
845 1813 987 1911 Dei,
1037 1837 1111 1893 ad
1139 1837 1253 1920 22
1281 1840 1384 1906 32.
1433 1819 1539 1911 24,
1571 1836 1630 1895 5.

432 1945 546 2000 17.-
616 1953 824 2038 Πῃεέτι
862 1950 1034 2040 ‘'n-nviz)
1087 1948 1235 2034 ἰι-[Ν.
1283 1944 1565 2019 Domino,
1621 1943 1782 2003 labia
1820 1964 1950 2003 mea
1991 1944 2265 2026 aperies,
2320 1943 2378 2004 h.
2423 1966 2475 2005 e.

257 2029 452 2107 aperi,
494 2027 601 2084 fut.
637 2047 743 2102 pro
776 2015 1014 2106 ἱιιιροι.,
1050 2041 1152 2088 aut
1191 2041 1416 2106 optat.,
1464 2041 1532 2088 ut
1559 2031 1656 2088 Vs.
1688 2033 1745 2088 9.
1776 2033 1876 2087 10.
1909 2032 2010 2087 14.
2084 2030 2312 2114 Sensus
2350 2040 2473 2091 est:

254 2111 485 2171 etiamsi
515 2114 764 2178 maxime
797 2118 965 2190 cupio
999 2128 1127 2174 tuas
1159 2117 1355 2174 laudes
1386 2117 1694 2188 celebrare,
1727 2123 1919 2171 tamen
1948 2111 2227 2173 memoria
2255 2118 2477 2190 peccati

253 2200 372 2256 mei
412 2208 631 2254 tantam
674 2197 815 2254 mihi
854 2200 1258 2259 verecundiam
1299 2221 1367 2258 ac
1406 2201 1681 2277 pudorem
1717 2201 1972 2282 ingerit,
2030 2209 2098 2257 ut
2137 2200 2365 2271 aperire
2408 2219 2474 2258 os

252 2282 678 2361 quodammodo
724 2290 783 2339 et
825 2282 1048 2343 hiscere
1078 2305 1198 2343 non
1232 2286 1505 2355 audeam3
1564 2303 1699 2342 nam
1747 2278 2106 2342 conscicntia
2144 2286 2365 2358 peccati
2407 2304 2472 2341 os

256 2369 535 2426 obstruit.
621 2366 823 2444 ltaque
869 2371 988 2427 nisi
1031 2389 1120 2427 me
1166 2372 1430 2428 criminis
1470 2379 1638 2428 reatu
1687 2367 2037 2443 absolveris,
2101 2378 2171 2425 ut
2213 2369 2470 2430 animuin

250 2455 509 2511 solutum
545 2461 717 2529 atque
752 2472 788 2509 a
817 2474 1080 2514 moerore
1116 2458 1426 2514 liberatum
1465 2459 1718 2531 recipere
1753 2455 2003 2530 possim,
2061 2455 2152 2512 tui
2193 2451 2472 2512 laudandi

250 2556 467 2598 munus
503 2537 748 2616 aggredi
787 2558 907 2596 non
948 2541 1149 2598 audeo.
1233 2540 1385 2599 Aliis
1415 2560 1642 2619 quoque
1672 2541 1820 2598 locis
1850 2541 2224 2615 conqueritur
2251 2526 2468 2613 David,

251 2644 315 2683 se
347 2623 526 2679 fuisse
550 2632 797 2694 mutum,
845 2626 1118 2702 quamdiu
1148 2645 1455 2709 oppressus
1487 2634 1616 2684 erat
1648 2643 1822 2681 manu
1850 2621 1983 2696 Dei,
2025 2634 2094 2682 ut
2125 2621 2220 2679 Ps.
2249 2622 2352 2694 39
2374 2623 2468 2682 10.

248 2708 371 2767 Ubi
402 2718 595 2764 autem
624 2710 837 2783 sentit,
893 2709 1081 2768 Deum
1118 2712 1234 2768 sibi
1273 2710 1500 2785 favere,
1560 2720 1620 2768 et
1650 2720 1884 2785 peccata
1921 2727 2028 2765 sua
2061 2725 2185 2764 esse
2229 2708 2468 2778 abolita,

248 2806 394 2851 tunc
421 2790 593 2850 habet
625 2811 690 2849 os
727 2804 1006 2870 apertum.
1092 2790 1331 2888 Ἶηξπιη.
1372 2807 1511 2878 33333
1552 2808 1648 2877 ‘⁸251
1694 2804 1757 2852 et
1799 2810 1865 2850 os
1908 2806 2093 2852 meum
2136 2793 2468 2850 annuncia-

161 2920 176 2929 .
248 2878 341 2936 bit
380 2876 607 2934 laudem
650 2887 831 2938 tuam.

424 2959 522 3037 18.
607 2976 761 3036 Nam
804 2979 1021 3039 hostiis
1058 3000 1174 3040 non
1197 2980 1562 3053 delectaris,
1609 2978 1840 3056 alioqui
1878 2997 1982 3038 eas
2026 2979 2321 3058 offerrem,
2363 2975 2468 3034 Ῐιο-

244 3068 583 3126 Ζοοαιιείιιηι
642 3065 758 3122 tibi
817 3085 930 3124 non
991 3075 1086 3124 est
1142 3077 1410 3145 gratum.
1497 3065 1782 3123 Laudatio
1829 3075 1886 3122 et
1933 3068 2256 3145 gratiarum
2308 3066 2466 3122 actio
2510 3064 2515 3073 '

247 3151 380 3232 (Vs.
391 3144 535 3227 11.)
582 3152 810 3230 gratior
849 3171 941 3210 res
984 3153 1095 3213 tibi
1136 3163 1256 3225 est,
1316 3170 1489 3229 quam
1516 3149 1935 3208 sacrificiorum
1967 3151 2154 3206 cultus
2183 3150 2464 3246 vulgaris.

245 3235 472 3306 Quodsi
518 3239 672 3292 enim
718 3236 1022 3293 sacrificiis
1070 3239 1283 3295 talibus
1339 3236 1706 3296 delectareris
1765 3231 2086 3312 horumque
2138 3235 2465 3290 ceremonia

237 3321 479 3397 expiari
521 3316 716 3395 posset
752 3333 1050 3398 peccatum
1100 3341 1322 3396 meum,
1387 3332 1447 3379 et
1494 3324 1558 3378 in
1599 3327 1831 3396 promtu
1879 3317 2019 3376 haec
2062 3316 2206 3374 mihi
2249 3327 2463 3376 essent.

241 3405 559 3467 consentit
588 3407 757 3480 plane
789 3427 917 3465 cum
948 3408 1216 3465 doctrina
1239 3407 1461 3465 Psalmi
1495 3406 1597 3464 50.
1682 3406 1799 3472 Qui
1834 3398 1987 3463 hunc
2028 3403 2315 3460 Psalmum
2355 3421 2465 3478 po-

173 3502 182 3514 “
242 3493 376 3569 puli
423 3485 677 3548 Hebraei
723 3493 785 3547 in
833 3493 1012 3549 exilio
1066 3495 1354 3550 versantis
1419 3490 1875 3568 deprecationem
1918 3488 2257 3545 existimant
2312 3486 2462 3561 (vid.

240 3578 586 3654 Argument.
589 3562 620 3650 )
639 3617 658 3648 ,
711 3577 757 3632 ii
791 3575 902 3635 hoc
928 3577 1112 3635 Versu
1142 3587 1333 3635 vatem
1365 3578 1572 3634 volunt
1603 3573 1714 3630 hoc
1748 3571 1971 3644 dicere,
2029 3590 2147 3629 non
2181 3590 2306 3628 esse
2336 3569 2463 3629 Deo

242 3671 421 3742 grata
461 3677 530 3715 ea
572 3657 893 3733 sacrificia,
951 3681 1096 3739 quae
1138 3671 1262 3720 tum
1307 3672 1478 3719 extra
1521 3670 1735 3719 terram
1777 3667 2070 3731 sanctam,
2128 3665 2186 3713 et
2225 3676 2348 3713 non
2397 3657 2463 3712 in

242 3747 461 3821 templo
508 3743 707 3802 offerri
744 3748 989 3845 possint.
1074 3746 1286 3804 Verum
1320 3746 1463 3803 adeo
1497 3744 1651 3803 nihil
1683 3754 1771 3801 est
1804 3745 1869 3801 in
1883 3745 2121 3815 verbis,
2163 3738 2317 3818 quod
2346 3741 2460 3797 tale
2528 3782 2531 3783 ν

239 3832 556 3907 quidquam
586 3840 798 3886 vatem
805 3832 869 3889 in
899 3841 1086 3889 mente
1115 3828 1383 3890 habuisse
1410 3830 1654 3890 suadere
1679 3829 1886 3906 possit,
1933 3837 2000 3886 ut
2026 3826 2233 3906 potius
2243 3824 2341 3882 Vs.
2364 3826 2459 3885 19.

237 3917 351 3972 tali
384 3914 705 3970 sententiae
741 3916 1132 3977 adversetur.

417 4025 518 4083 19.
607 4015 876 4081 Hostiae
917 4024 1047 4084 Deo
1100 4037 1321 4123 gratae
1374 4027 1639 4118 spiritus
1694 4022 2088 4097 confractum
2152 4036 2260 4076 cor
2296 4034 2463 4075 cow-

221 4108 516 4185 fractum
556 4118 621 4166 ot
663 4107 961 4182 dejectum
998 4131 1116 4171 mm
1161 4106 1621 4192 aspen-naboris,
1661 4109 1852 4175 Deus
1935 4107 2208 4167 Animum
2242 4105 2462 4161 solum-

236 4195 413 4253 modo
443 4203 668 4268 spectas
695 4206 800 4253 aut
828 4199 1089 4272 postulas
1117 4201 1272 4256 serio
1301 4199 1713 4274 poenitentem,
1739 4203 1800 4252 et
1824 4193 1898 4250 ob
1924 4197 2157 4266 peccata
2185 4186 2462 4253 afflictum

231 4289 298 4336 et
329 4280 654 4354 dolentem3
699 4299 819 4337 non
851 4282 1130 4361 despicies
1161 4285 1349 4364 igitur
1378 4296 1489 4340 cor
1511 4283 1628 4340 tole
1652 4297 1865 4351 meum,
1892 4273 2048 4335 nihil
2074 4275 2231 4335 enim
2257 4271 2462 4346 habeo,

234 4362 394 4443 quod
430 4322 739 4441 rependam
783 4367 913 4425 tibi.
1733 4446 1791 4507 Y
1819 4449 1862 4504 2
