2807 4913
365 262 529 336 230
976 314 982 330 .
1225 263 1359 354 Pe.
1387 255 1509 344 55,
1569 280 1626 328 2.
1665 260 1744 325 3..-

374 440 633 520 formaeg
687 441 811 523 qul·
835 434 1023 502 tetum
1064 443 1277 501 militis
1317 460 1530 516 eorpus
1573 453 1832 524 tegeret,
1885 440 2258 502 concluditur
2291 462 2366 502 ex
2402 445 2431 502 1
2456 444 2601 527 Reg.

383 538 484 608 10,
512 533 609 592 16.
645 534 739 588 17.
768 530 826 585 »2
841 526 977 586 Chr.
1002 529 1065 600 9,
1099 529 1193 586 16.
1270 525 1537 585 Ceterum
1573 538 1697 589 ΜΞ
1735 540 1960 587 scutum
1992 528 2172 585 fuisse
2201 526 2457 602 videtur,
2497 534 2599 590 cui

379 620 565 680 infixa
597 623 749 672 esset
787 614 1015 688 cuspis,
1061 615 1148 669 ita
1173 616 1405 675 utnon
1429 616 1665 670 tantum
1693 616 2004 670 inserviret
2031 614 2376 688 repellendis
2404 614 2610 673 hosti..

382 705 510 774 bus,
546 701 646 758 sed
676 700 852 755 etiam
875 699 1041 772 ipsis,
1081 699 1132 752 si
1163 699 1403 772 propius
1432 698 1788 770 accederent,
1829 698 2223 776 vulnerapdi‘s.
2295 697 2605 771 Ejusmodi
2661 729 2674 751 e

382 785 617 860 cuspide
659 784 1014 840 instructum
1058 780 1462 838 fuissextalem
1507 784 1770 857 clypeum
1791 825 1807 854 ‚
1875 800 2088 841 nomen
2132 782 2313 858 ipsius
2357 785 2604 841 innuere

381 871 752 939 existimant,
796 867 1004 943 quippe
1036 866 1189 942 quod
1217 865 1441 922 dictum
1471 868 1552 921 sit
1585 867 1655 923 ab
1687 866 1971 943 acu-endo,
2014 884 2159 942 quae
2189 870 2279 923 vis
2316 870 2608 941 est-verbi

339 986 342 995 .
381 964 529 1038 3³2,
582 951 736 1010 unde
776 961 856 1032 ἷζε,
898 951 1113 1028 spina,
1157 949 1328 1007 Num.
1359 951 1464 1021 33,
1497 953 1598 1017 55.
1640 948 1761 1009 Jos.
1792 954 1897 1023 23,
1928 952 2024 1011 13.
2110 964 2349 1037 “52233323
2399 960 2604 1036 nnqp]

382 1022 582 1114 §fige
621 1038 684 1094 in
727 1034 1021 1093 auxilium
1058 1053 1258 1093 meum.
1330 1034 1635 1091 Particula
1671 1047 1711 1095 Ξ
1753 1038 1993 1108 Ponitur
2031 1033 2129 1091 hic
2171 1031 2277 1107 prb
2319 1030 2391 1106 5,
2459 1019 2608 1112 quo-2

383 1122 557 1180 modo
612 1123 677 1179 in
727 1119 1014 1177 similibus
1063 1121 1209 1176 locis
1259 1119 1475 1179 dicitur
1511 1114 1797 1212 ‘'13213723,
1860 1120 1960 1181 Ps.
2003 1121 2122 1194 22,
2164 1121 2266 1178 20.
2327 1120 2445 1194 38,
2493 1123 2601 1180 23.

385 1210 492 1280 4ο,
531 1208 640 1263 14.»
677 1208 783 1278 7⁰,
812 1204 874 1267 2.
1662 1201 1676 1214 '

552 1375 616 1433 3.
701 1379 856 1461 :7¹³3ss
904 1381 1073 1465 ἴῃῖῃ
1119 1371 1205 1430 Ee
1242 1390 1461 1430 exsere
1505 1372 1801 1449 lanceam,
1861 1390 1983 1430 non
2027 1373 2216 1430 solum
2261 1392 2386 1433 mea
2425 1393 2603 1434 causa

381 1459 558 1517 indue
592 1469 650 1516 te
679 1459 881 1535 clypeo
913 1467 972 1514 et
995 1467 1180 1530 scuto,
1221 1455 1321 1514 sed
1354 1461 1533 1515 etiam
1563 1458 1829 1534 deprome
1852 1459 2129 1515 lanceam.
2205 1457 2404 1537 Pingit
2431 1471 2597 1517 vates

381 1543 586 1623 Joyam
615 1560 721 1621 pro
748 1560 811 1599 se
837 1550 1255 1620 pugnaturum,
1285 1544 1454 1617 quasi
1483 1551 1781 1600 strenuum
1811 1544 2059 1618 aliquem
2089 1541 2307 1615 ducem,
2335 1545 2596 1620 utrisque

383 1630 597 1701 armis,
655 1637 713 1684 et
754 1627 1259 1701 propulsantibus,
1319 1636 1379 1682 et
1411 1627 1877 1705 oppugnantibus
1912 1628 2231 1697 munitum,
2286 1637 2349 1683 ut
2392 1628 2598 1685 adver-

284 1712 293 1721 *
385 1714 559 1770 sariis
592 1711 838 1785 ultionis
870 1719 1087 1767 metum
1115 1712 1358 1784 injiciat.
1427 1711 1698 1775 xVerbum
1736 1724 1888 1799 pan,
1932 1713 2056 1768 sive
2089 1724 2244 1793 ρὴ,
2289 1712 2353 1767 in
2389 1710 2597 1788 Hiphil

384 1793 790 1854 tantummodo
829 1796 1150 1866 usitatum,
1213 1793 1450 1852 denotat
1483 1813 1811 1866 evacuare,
1859 1797 2043 1852 veluti
2076 1813 2272 1852 saccos
2317 1795 2464 1854 Gen.
2493 1798 2601 1870 42,

387 1880 525 1952 35.,
565 1897 708 1938 vasa
739 1880 868 1935 vini
898 1877 1017 1936 Jer.
1046 1880 1151 1950 48,
1183 1880 1277 1936 12.
1296 1920 1315 1951 ,
1356 1883 1630 1961 vaginam
1659 1879 1876 1958 gladio,
1923 1881 1964 1936 i.
1995 1899 2043 1936 e.
2080 1877 2342 1957 gladium
2367 1892 2604 1963 protra-

382 1962 521 2021 here
555 1984 601 2021 ·e
646 1965 892 2041 vagina,
950 1971 1018 2018 ut
1057 1963 1170 2022 Ex.
1211 1961 1284 2022 15
1305 2004 1325 2034 ‚
1358 1967 1419 2021 9.
1474 1966 1612 2024 Lev.
1642 1965 1748 2034 26,
1780 1965 1882 2021 33.
1938 1963 2042 2022 Ez.
2076 1962 2135 2036 5,
2168 1965 2227 2021 2.
2261 1966 2358 2022 12.
2402 1966 2507 2037 28,
2543 1966 2601 2024 7.

385 2049 489 2120 30,
525 2038 627 2107 ll!
683 2047 786 2107 Sic
815 2047 1000 2125 igitur
1029 2058 1088 2104 et
1114 2045 1171 2105 h.
1199 2050 1239 2105 1.
1272 2068 1306 2105 e
1335 2051 1552 2128 vagina
1580 2050 1747 2123 quasi
1779 2050 1871 2107 vel
1902 2052 2349 2106 armamentario
2386 2050 2601 2108 dicitur

382 2130 772 2208 expromenda
796 2132 1015 2203 lancea,
1043 2128 1261 2219 nstqijsa
1291 2143 1415 2220 &72:¹3
1433 2174 1451 2206 ,
1481 2133 1816 2206 inclinavit,
1859 2134 2014 2189 dicta
2038 2131 2191 2190 haud
2221 2133 2410 2208 dubie,
2445 2135 2601 2210 quod

386 2217 719 2274 inclinatur
750 2218 816 2274 in
842 2235 992 2288 eum,
1021 2219 1123 2293 qui
1151 2236 1221 2275 ea
1247 2227 1336 2274 est
1361 2217 1807 2295 transfigendus.
1863 2217 2171 2275 Breviores
2203 2227 2395 2275 autem
2420 2219 2602 2276 fuisse

383 2301 490 2360 has
528 2304 793 2372 lanceas,
863 2310 1035 2377 atque
1074 2301 1147 2359 ad
1185 2303 1529 2361 vibrantium
1566 2301 1838 2375 idoneas,
1889 2304 2078 2359 instar
2110 2304 2356 2359 telorum
2395 2305 2603 2361 oblon-

385 2405 632 2467 gorum,
688 2384 891 2465 colligi
929 2394 1123 2460 potest
1167 2404 1242 2444 ex
1292 2386 1501 2444 lSam.
1537 2388 1648 2460 18,
1681 2389 1777 2445 ll.
1823 2382 1933 2459 19,
1968 2390 2065 2444 10.
2117 2388 2233 2459 20,
2263 2388 2366 2447 33.
2447 2389 2600 2451 ’31οη

386 2470 544 2549 ’.ιε-ζῆ
607 2466 833 2558 ηις-Ἓξ
894 2468 981 2527 Et
1034 2469 1272 2528 occlude
1325 2472 1390 2527 in
1434 2490 1740 2530 occursum
1791 2473 2285 2551 persequutorum
2326 2455 2603 2545 meorunfs,

284 2577 289 2586 ¹
388 2537 678 2631 in't‘ercipe
702 2550 878 2626 viam,
918 2556 1061 2610 meis
1093 2553 1380 2628 hostibus,
1427 2555 1600 2632 prodi
1630 2558 1895 2628 obviam,
1940 2568 1999 2614 et
2029 2560 2090 2613 in
2122 2575 2211 2613 me
2241 2558 2599 2615 irruentibus

385 2641 603 2697 obsiste
638 2657 706 2696 ac
736 2656 959 2698 moram
990 2639 1193 2713 objice,
1237 2657 1311 2695 ne
1337 2660 1429 2696 me
1463 2653 1862 2716 assequantur.
1930 2642 2049 2701 ’πὶ-αθ
2084 2650 2173 2696 est
2200 2640 2404 2715 lmper.
2435 2642 2602 2699 verbi

382 2735 541 2796 '³²02'
566 2732 625 2779 et
654 2705 1113 2780 subaudiendum
1136 2724 1367 2781 videtur
1398 2733 1530 2811 γῆν.
1547 2765 1566 2794 ,
1600 2707 2076 2800 quemadmodum
2102 2726 2166 2780 in
2199 2727 2379 2783 simili
2402 2724 2603 2822 phrasi

385 2807 499 2867 Ex.
531 2810 643 2878 14,
675 2808 738 2863 3.
784 2806 1078 2863 conclusit
1118 2807 1235 2865 illis
1279 2807 1611 2883 desertum,
1670 2828 1744 2867 ne
1783 2811 2004 2867 exitum
2045 2810 2299 2883 reperire
2343 2815 2602 2886 possent.

382 2893 535 2950 Aliis
577 2892 733 2981 Ἰὰς,
774 2893 898 2948 sive
937 2902 1005 2947 ut
1044 2893 1108 2949 in
1148 2892 1347 2949 multis
1392 2893 1687 2950 codicibus
1726 2896 1890 2970 plene
1927 2904 2013 2951 est
2048 2896 2364 2971 scriptum,
2411 2896 2602 2986 Ἶῆλρ,

383 2992 596 3035 nomen
622 2979 832 3048 visum,
875 2976 981 3031 teli
1010 2976 1250 3052 aliquod
1283 2994 1469 3055 genus
1501 2978 1867 3057 significans,
1914 2980 2038 3035 sive
2071 2979 2151 3034 sit
2184 2976 2385 3052 hasta,
2416 2976 2602 3049 jacu—

386 3058 522 3132 lum,
561 3061 694 3117 coll.
723 3057 898 3116 Arab.
923 3069 1097 3120 *mam
1132 3059 1314 3118 hasta
1341 3059 1717 3137 ligneaysive
1749 3063 1981 3121 securis
2013 3080 2196 3141 genus
2231 3082 2345 3139 quo
2377 3080 2604 3142 pugna-
2659 3137 2662 3140 Ι

383 3143 591 3216 batur,
637 3162 827 3223 graec.
860 3135 1138 3222 σάγαρις,
1180 3141 1538 3220 Streitaxt,
1583 3150 1713 3204 coll.
1746 3166 1870 3205 voc.
1899 3145 2209 3204 Armenico
2239 3143 2416 3206 Sacr.
2488 3145 2606 3206 Sed

382 3228 521 3285 licet
563 3247 775 3285 nomen
806 3226 976 3302 hujus
1011 3228 1231 3286 formae
1268 3231 1551 3288 usitatum
1591 3243 1741 3289 esset
1780 3231 2099 3303 Hebraeis,
2156 3233 2433 3290 nimirum
2461 3230 2606 3290 Hos.

388 3311 493 3384 13,
524 3314 616 3385 8.,
673 3313 851 3369 alium
887 3321 1081 3369 tamen
1114 3314 1198 3370 ibi
1229 3311 1405 3379 habet
1434 3316 1860 3395 significatum:
1910 3313 2246 3373 dilacerabo
2287 3312 2407 3378 nab
2447 3319 2599 3377 Ἶῆλῦ

388 3395 731 3453 clausuram
758 3396 962 3453 cordis
992 3414 1213 3455 corum.
1268 3396 1559 3472 Adjectivi
1587 3402 1770 3458 vicem
1800 3403 1953 3480 gerit
1980 3400 2107 3458 Job.
2135 3402 2238 3472 28,
2265 3385 2370 3458 15.τ
2389 3385 2438 3458 '1
2459 3380 2604 3478 Regi

364 3481 447 3551 -6,
479 3484 583 3541 20.
614 3482 722 3538 21.
765 3483 829 3553 7,
855 3484 957 3539 49.
988 3481 1087 3542 50.
1138 3484 1237 3555 10,
1265 3482 1389 3556 21.,
1440 3486 1651 3561 quibus
1677 3488 1823 3544 locis
1854 3484 1924 3541 de
1955 3503 2103 3541 auro
2137 3480 2437 3557 concluso,
2482 3487 2606 3542 sive

385 3565 451 3621 in
482 3563 770 3623 thesauris
797 3565 995 3624 habito
1028 3567 1261 3629 dicitur.
1302 3566 1526 3626 Nostro
1553 3580 1746 3627 autem
1774 3573 1901 3627 loco
1931 3578 2186 3625 veterum
2219 3570 2607 3640 interpretum

386 3650 583 3708 nullus
618 3650 688 3707 de
716 3652 949 3707 nomine
983 3653 1290 3731 cogitavit.
1358 3652 1826 3713 Alexandrinus:
1869 3651 1969 3713 καὶ
1999 3645 2340 3731 σύγκλεισον
2369 3651 2608 3724 ἐξεναν-
2635 3705 2640 3712 .

385 3735 519 3803 stac,-
564 3734 691 3796 τῶν
731 3730 1233 3799 καταδιωκόντων
1277 3758 1376 3814 με.
1463 3735 1892 3814 Hieronymus:
1943 3753 2332 3813 praeoccupa
2375 3754 2453 3792 ea:
2496 3737 2607 3794 ad-

385 3835 560 3875 verso
613 3830 1036 3900 persequentes
1080 3841 1185 3879 me.
1272 3820 1628 3880 Chaldaeus:
1690 3820 1896 3880 claude
1940 3821 2002 3877 in
2046 3837 2356 3898 occursum
2399 3839 2609 3897 persc-

387 3913 705 3979 quutorum
746 3921 1021 3962 meorum.
1090 3907 1316 3984 Syrus,
1358 3923 1528 3962 suum
1562 3908 1758 3981 potius
1795 3923 2045 3975 sensum,
2092 3921 2263 3978 quam
2296 3906 2607 3966 verborum

372 3977 781 4060 Hebraeorum
811 3991 933 4046 vim
963 3992 1326 4063 exprimens:
1373 4000 1436 4047 ct
1473 3989 1648 4045 vibra
1691 3984 2008 4067 (gladium)
2039 3998 2179 4046 anto
2211 3998 2611 4066 persequuto-

388 4086 490 4125 res
528 4089 700 4130 meos.
785 4072 864 4131 Et
897 4092 1075 4148 quum
1102 4084 1274 4150 poeta
1298 4091 1525 4143 eorum,
1568 4074 1668 4149 qui
1697 4076 1883 4148 ipsum
1913 4082 2340 4148 persequuntur
2370 4073 2605 4153 (τὲπῆ),

387 4157 736 4215 mentionem
784 4156 999 4230 saciat,
1058 4175 1252 4214 nonne
1302 4158 1598 4234 aptissime
1638 4154 1844 4218 Jovam
1888 4156 2116 4229 orabit,
2189 4160 2331 4216 velit
2374 4140 2605 4233 objectu

388 4254 681 4296 armorum
722 4241 961 4299 suorum
988 4240 1353 4316 -prohibere‚.
1382 4258 1473 4297 ¹ne
1500 4243 1736 4316 propius
1767 4242 1873 4298 isti
1902 4239 1977 4297 ad
2014 4242 2202 4315 ipsum
2237 4245 2514 4320 accedant
2545 4253 2604 4304 et

394 4322 815 4402 assequantur?
901 4322 1212 4405 Vulgarem
1247 4327 1784 4403 interpretationem
1816 4326 2178 4386 commendat
2212 4321 2409 4403 etiam,
2448 4325 2606 4407 quod
