2807 4913
384 231 533 338 136
924 267 1053 338 Ρ..
1108 284 1239 368 19,
1278 261 1391 333 ιι.
1442 261 1552 328 ι5.
1637 266 1766 333 Ρ..
1819 281 1937 348 20,
1997 278 2036 327 2

388 448 677 524 reddidit,
716 443 887 529 quasi
920 453 1117 535 2:57372
1149 448 1422 528 legisset.
1491 446 1720 508 Alienis
1758 466 1897 509 vero
1931 446 2019 506 vel
2058 443 2353 519 hominos,
2399 447 2492 509 vel
2527 447 2626 508 ἀίὄ,

392 534 923 595 indicantur.1ta
961 517 1135 610 poeta
1173 527 1386 593 Jovam
1428 532 1655 605 orabit,
1695 534 1839 591 velit
1875 529 2211 609 prohibere,
2252 551 2326 592 ue
2358 541 2461 592 aut
2493 534 2623 608 ipse

394 639 653 698 unquam
687 621 927 678 deorum
963 620 1288 677 alienorum
1322 618 1509 674 cultui
1549 635 1673 676 sese
1706 606 1974 688 addicat,
2015 627 2119 675 aut
2151 618 2215 674 in
2255 619 2624 675 consortium

397 715 460 764 et
492 715 834 782 potestatem
877 721 1078 760 eorum
1120 703 1423 760 hominum
1462 703 1722 774 veniat,
1742 703 1844 777 qui
1885 702 2022 757 deos
2064 703 2289 758 alienos
2332 704 2615 760 colerent.

401 791 519 856 Sed
548 808 778 852 sensum
809 790 1109 854 contextui
1133 788 1418 860 aptiorem
1447 794 1650 845 nostra
1677 787 1849 854 lectio
1886 783 2077 870 efficit.
2142 796 2259 845 ⁹:-
2275 783 2518 875 ebat-5723·
2536 782 2628 863 D&

403 895 477 943 ne
517 874 886 934 dominentur
924 873 990 928 in
1031 890 1157 945 me,
1198 879 1342 955 tunc
1376 873 1533 927 enim
1573 879 1706 927 tuus
1738 888 1942 928 servus
1972 889 2097 928 esse
2124 852 2459 928 desinerem.
2549 880 2628 931 7&

404 967 574 1049 nm&
617 957 786 1018 Tunc
826 958 1062 1032 integer
1102 973 1230 1028 ero,
1270 956 1311 1011 i.
1346 975 1395 1012 e.
1425 956 1705 1012 innocens
1735 971 1928 1011 eoram
1965 965 2056 1028 te,
2100 964 2159 1011 et
2193 956 2411 1013 vacabo
2448 936 2628 1030 culpa

405 1024 597 1124 gravi,
645 1061 791 1121 quae
833 1042 1027 1097 irritet
1071 1043 1219 1098 iram
1249 1048 1430 1100 tuam.
1515 1046 1681 1126 nnus
1714 1037 2074 1096 referendum
2108 1039 2180 1097 ad
2217 1046 2354 1102 tmn
2387 1041 2626 1116 integer

392 1128 561 1204 fuit,
601 1135 669 1183 ut
704 1128 784 1183 sit
810 1126 998 1202 prima
1025 1122 1133 1183 fut.
1169 1120 1298 1197 Cal,
1340 1125 1564 1181 inserto
1572 1101 1702 1181 ‘'Jod
1731 1142 1833 1199 per
1869 1123 2204 1198 epenthesin
2233 1105 2368 1203 (pro
2405 1119 2625 1209 mgna)

407 1222 470 1272 et
500 1229 631 1268 cum
663 1208 869 1268 Camez
903 1210 975 1267 ob
1009 1228 1266 1285 pausam.
1322 1205 1410 1266 cf.
1440 1209 1702 1266 GEsRNn
1734 1203 1951 1283 Lelumg
1981 1228 2036 1284 p.
2070 1210 2215 1266 366.
2278 1209 2371 1266 lta
2399 1204 2630 1284 quoque

408 1305 633 1353 veteres
670 1313 866 1351 omnes
898 1303 1277 1371 acceperunt,
1340 1303 1581 1369 excepto
1623 1291 1814 1368 Syro,
1866 1294 1969 1369 qui
2015 1291 2157 1349 haec
2195 1294 2371 1365 verba
2411 1293 2628 1349 omisit.

409 1390 503 1472 :27
542 1378 720 1465 »τέξῃ
769 1389 976 1470 ’ΠἾΞᾎἹ
1019 1389 1080 1436 et
1120 1378 1366 1435 mundus
1403 1395 1507 1434 ero
1549 1396 1620 1457 α
1633 1375 1848 1433 delicto
1895 1395 2130 1454 magno,
2173 1379 2226 1435 si
2258 1379 2433 1434 semel
2471 1394 2632 1433 com-

412 1445 705 1538 pescueris
773 1459 1011 1521 affectus
1077 1464 1295 1536 malos,
1371 1464 1646 1520 immunis
1707 1480 1808 1519 ero
1869 1480 1905 1518 a
1962 1464 2161 1519 multis
2223 1463 2473 1520 delictis.
2546 1491 2631 1506 --

419 1545 518 1606 15.
570 1556 642 1631 7
647 1543 757 1635 32⁷2
794 1579 869 1592 —
909 1558 1048 1638 ³³7*
1088 1545 1228 1605 Sint
1265 1546 1348 1608 ad
1388 1546 1855 1625 beneplacitum,
1914 1548 1954 1604 i.
1989 1566 2037 1604 e.
2080 1557 2251 1627 grata
2294 1557 2352 1603 et
2397 1529 2633 1622 accepta

356 1668 365 1681 ·
416 1632 530 1700 tibi
570 1612 756 1701 vei-bd
792 1631 920 1694 oris
962 1627 1109 1705 niei,
1167 1639 1230 1688 et
1278 1631 1594 1688 meditatio
1639 1630 1836 1687 cordis
1877 1632 1991 1688 mei
2030 1651 2231 1688 eoram
2275 1640 2356 1689 te.
2441 1631 2658 1705 Verba„

417 1719 710 1792 optantis,
771 1726 838 1773 ut
867 1717 1122 1773 orationi
1153 1734 1291 1774 suae
1319 1724 1542 1772 annuat
1571 1713 1765 1786 Deus,
1826 1726 1887 1774 et
1928 1718 2083 1774 votis
2124 1717 2412 1792 propitius
2457 1717 2637 1776 adsit.

416 1800 551 1860 Nisi
582 1819 784 1859 sensus
817 1799 1017 1857 forsan
1050 1805 1127 1857 sit
1160 1798 1290 1858 hie.
1350 1818 1417 1856 os
1453 1818 1642 1857 meum
1676 1800 1950 1876 loquatur
1982 1810 2212 1857 tantum
2247 1799 2399 1877 quod
2434 1800 2546 1856 tibi
2575 1809 2636 1858 et

420 1894 678 1985 gratum
689 1893 798 1957 est,
840 1881 989 1940 nihil
1016 1886 1341 1942 constituat
1373 1893 1476 1941 aut
1514 1886 1804 1959 concipiat
1841 1887 2068 1941 animus
2100 1904 2290 1958 meus,
2334 1885 2489 1962 quod
2524 1886 2638 1951 tibi

420 1970 779 2026 contrarium
810 1970 906 2025 sit.
993 1981 1148 2049 ³7³2
1194 1977 1380 2047 petra
1419 1986 1547 2025 mea
1593 1963 1741 2046 (vid.
1783 1970 1879 2042 18,
1913 1971 1974 2026 3.
2011 1971 2109 2027 32.
2141 1972 2222 2026 4?
2230 1965 2295 2047 .),
2335 1971 2423 2026 tui
2453 1965 2636 2026 solius

419 2054 709 2130 praesidio
739 2055 932 2126 nitor,
968 2062 1026 2111 te
1062 2057 1249 2110 omnis
1277 2054 1489 2110 salutis
1527 2063 1819 2112 auctorem
1852 2072 2129 2133 agnosco.
2214 2051 2428 2111 Addito
2459 2050 2642 2132 ἾξΝἿῆ

420 2135 646 2195 vindex
687 2156 881 2208 meus,
937 2137 1170 2195 videtur
1212 2138 1285 2196 ad
1329 2139 1391 2195 id
1431 2140 1784 2216 respexisse,
1842 2140 1996 2215 quod
2040 2142 2167 2196 sola
2210 2141 2331 2213 ejus
2375 2123 2637 2197 bonitate

424 2241 461 2281 a
488 2224 756 2310 peccatis
773 2240 1086 2315 eorumque
1112 2225 1317 2314 poeuis
1346 2223 1588 2294 liberari
1618 2242 1679 2282 se
1708 2242 1876 2312 posse
1903 2226 2171 2283 sentiret.

1399 2411 1447 2472 P
1463 2429 1516 2474 s.
1573 2416 1674 2473 20.

598 2528 848 2607 Populus
887 2532 1018 2610 regi
1059 2549 1189 2589 cum
1230 2533 1494 2590 exercitu
1537 2531 1611 2589 ad
1652 2532 1865 2589 bellum
1906 2549 2114 2606 anceps
2148 2540 2207 2589 et
2242 2528 2472 2590 difficile
2503 2549 2644 2607 pro·-

428 2616 712 2674 ficiseenti
745 2620 939 2674 omnia
979 2616 1170 2674 fausta
1214 2626 1272 2673 et
1313 2633 1592 2692 prospera
1634 2625 1972 2691 apprecatur
2012 2613 2139 2690 (Vs.
2181 2612 2454 2692 2—5.)‚
2512 2633 2645 2691 spe-

428 2710 667 2776 ratque,
708 2718 837 2756 cum
870 2705 1061 2759 victor
1103 2721 1135 2758 e
1164 2702 1315 2759 bello
1345 2702 1522 2758 fuerit
1549 2718 1850 2772 reversus,
1896 2704 2295 2758 exultaturam
2332 2710 2390 2756 et
2430 2702 2643 2759 trium-

427 2783 736 2860 phaturum
779 2785 851 2855 (6
874 2818 944 2830 —
965 2783 1091 2859 9.)‚
1148 2795 1320 2861 atque
1362 2794 1430 2842 ut
1469 2787 1532 2841 in
1563 2794 1855 2860 posterum
1883 2787 2055 2843 etiam
2083 2785 2229 2843 Jova
2259 2804 2388 2843 eum
2419 2787 2647 2842 salvum

429 2879 490 2925 et
536 2869 877 2927 incolumem
926 2887 1159 2927 servare
1201 2871 1381 2942 velit,
1438 2878 1569 2926 orat
1610 2863 1785 2947 (10.).
1838 2898 1925 2913 -—-
1979 2868 2251 2946 Plerique
2291 2872 2537 2945 interpp.
2578 2872 2666 2929 iu.

429 2952 797 3027 expeditione
828 2963 1034 3011 contra
1062 2954 1418 3027 Ammonitas
1450 2964 1724 3029 suscepta
1743 2950 1812 3029 (2
1832 2949 1986 3009 Sam.
2023 2954 2122 3020 10,
2145 2956 2200 3011 6.
2229 2949 2382 3031 sqq.)
2413 2946 2648 3012 carmen

427 3035 542 3093 hoc
585 3039 969 3110 compositum
1014 3038 1292 3111 credunt,
1350 3047 1587 3113 propter
1617 3039 1953 3117 memoriam
1987 3052 2260 3096 curruum
2293 3051 2352 3096 et
2383 3042 2647 3114 equitum

429 3119 528 3177 Vs.
562 3124 654 3194 7.‚
696 3124 1050 3196 quum-nulli
1078 3140 1329 3197 unquam
1356 3123 1552 3180 hostes
1578 3124 1704 3197 plus
1738 3140 2011 3179 curruum
2042 3134 2099 3179 et
2128 3143 2406 3200 equorum
2440 3134 2647 3179 contra

380 3218 391 3233 ⁸
439 3203 725 3278 Davidem
753 3205 1080 3266 eduxerint.
1166 3208 1331 3273 Quod
1364 3218 1557 3264 tamen
1587 3225 1944 3282 nequaquam
1972 3204 2288 3285 τεκμήριον
2320 3217 2428 3281 est,
2469 3224 2649 3284 quum

430 3300 489 3348 et
522 3291 625 3346 alii
656 3288 934 3353 Hebraeis
964 3291 1145 3355 vicini
1179 3301 1238 3347 et
1277 3291 1477 3348 infesti
1520 3288 1722 3365 populi
1757 3293 1819 3347 in
1862 3291 2028 3349 bellis
2071 3294 2337 3349 curribus
2383 3302 2442 3348 et
2483 3293 2646 3367 equis

432 3374 526 3430 uti
559 3375 828 3431 solerent.
899 3376 1088 3441 Quum
1118 3377 1302 3453 igitur
1331 3376 1699 3455 generaliora
1730 3378 1885 3449 sint,
1931 3396 2076 3453 quae
2107 3379 2169 3433 in
2194 3377 2285 3434 Ps.
2316 3380 2650 3447 occurrunt,

432 3476 604 3548 quam
632 3468 698 3514 ut
729 3470 919 3524 certae
955 3463 1264 3535 temporis,
1309 3479 1423 3536 quo
1463 3461 1650 3517 editus
1683 3462 1796 3531 sit,
1841 3471 2013 3517 notae
2044 3461 2245 3518 haberi
2275 3462 2536 3538 possint,
2582 3460 2649 3516 in

433 3562 502 3599 eo
550 3545 1003 3618 acquiescimus,
1070 3556 1137 3601 ut
1181 3546 1348 3603 illum
1399 3545 1705 3602 occasione
1746 3555 1931 3601 certae
1974 3540 2359 3622 expeditionis
2405 3544 2648 3617 factum,

432 3628 714 3685 mansisse
744 3640 946 3703 postea
979 3642 1338 3687 communem
1370 3649 1604 3706 precum
1636 3629 1942 3687 formulam
1971 3632 2043 3688 ad
2075 3649 2270 3688 omnes
2301 3638 2649 3701 statuamus,

433 3720 502 3768 ut
545 3713 696 3769 inter
736 3729 935 3785 preces
982 3723 1040 3770 et
1081 3716 1365 3772 sacrificia
1408 3717 1566 3793 regis
1618 3712 1742 3791 (vs.
1780 3712 1874 3792 4.)
1924 3734 1959 3771 a
2004 3717 2217 3791 populo
2269 3724 2371 3772 aut
2411 3714 2653 3771 musicis

436 3797 642 3871 templi
683 3807 1018 3869 caneretur,
1060 3798 1259 3855 forsan
1291 3801 1536 3857 alternis
1574 3798 1804 3871 choris,
1847 3810 1913 3856 ut
1950 3801 2098 3858 alter
2130 3799 2339 3857 chorus
2368 3808 2507 3856 vota
2545 3816 2654 3873 pro

435 3882 622 3949 salute
653 3882 812 3960 regis
852 3880 1100 3954 faceret,
1144 3885 1292 3939 alter
1336 3883 1407 3941 de
1449 3902 1513 3940 re
1553 3901 1826 3963 prospere
1867 3895 2033 3966 gesta
2078 3894 2422 3959 testaretur,
2467 3901 2658 3964 popu-

434 3967 606 4043 loque
640 3984 709 4023 ac
737 3967 869 4049 regi
906 3967 974 4031 de
1008 3985 1075 4024 ea
1104 3970 1520 4047 gratularetur.

530 4076 534 4085 ’
606 4080 828 4151 2--5.
892 4082 1192 4149 Precatur
1233 4085 1515 4159 populus.
1571 4068 1677 4150 '72⁹5
1726 4084 1883 4143 ²777*
1928 4092 2077 4176 7392
2113 4083 2498 4165 Respondeat
2541 4083 2661 4148 tibi

436 4162 596 4239 Jova
627 4165 720 4230 die
748 4169 1093 4243 angustiae,
1135 4168 1413 4225 exaudiat
1446 4180 1521 4241 te,
1561 4186 1779 4246 regem,
1820 4189 1947 4227 cum
1976 4165 2261 4228 auxilium
2291 4173 2413 4245 ejus
2442 4186 2656 4251 rogas3
2723 4172 2728 4175 ’

435 4250 666 4315 exaltet
711 4259 806 4322 te,
850 4253 912 4307 in
943 4260 1069 4307 tuto
1114 4259 1173 4307 te
1216 4254 1499 4325 collocet,
1538 4262 1814 4335 tanquam
1852 4256 1916 4311 in
1945 4256 2136 4312 locum
2164 4257 2380 4338 altum,
2419 4274 2535 4334 quo
2566 4256 2660 4313 vis
2759 4282 2766 4287 ·

416 4334 673 4410 hostilis
718 4337 1050 4427 pertingere
1094 4347 1374 4415 nequeat,
1419 4354 1624 4403 nomen
1656 4334 1776 4405 Dei
1808 4330 2060 4412 Jacobi,
2108 4342 2152 4397 i.
2184 4360 2233 4405 e
2270 4339 2431 4399 Deus
2461 4340 2664 4417 populi
