2807 4913
2359 164 2392 191 ἱ

871 301 994 366 l’s
1036 321 1108 387 9,
1157 319 1268 366 si.
1360 301 1485 366 Fe:
1531 300 1639 384 1'0,
1703 322 1764 367 ι.
2328 290 2433 369 73

205 482 331 541 cula
371 476 473 561 (ut
504 438 1676 559 Jud.13‚s.16‚17.ISam.1,11.)
1703 503 1755 540 a
1793 493 1937 545 ι’·Ἵτι
1970 484 2312 562 stringere,
2361 494 2433 545 ut

155 592 161 597 ·
205 579 497 628 vertatur:
548 567 794 647 applica
837 568 995 646 ipsis
1039 562 1420 640 novaculam,
1471 586 1586 644 quo
1628 552 1940 627 indicetur
1959 588 2182 626 summa
2222 580 2432 629 contu-

204 656 402 724 melia,
479 671 603 729 qua
660 652 948 710 afficiendi
1007 663 1202 711 essem
1247 652 1646 711 israelitarum
1688 652 1900 711 hostes.
1987 656 2179 723 Quum
2225 640 2430 715 literae

154 747 161 755 '
206 748 367 799 mm
404 740 591 796 etiam
620 740 790 798 ΠἿὯ.)
822 740 1199 814 pronunciari
1231 740 1478 813 possint,
1507 738 1744 796 fuerunt
1770 740 1963 812 etiam,
1997 740 2099 815 qui
2129 738 2432 797 doctorem

204 832 535 896 verterent,
588 833 665 880 ut
698 841 901 880 sensus
947 826 1059 880 sit:
1111 840 1298 900 pone,
1351 826 1675 897 constitue,
1724 825 1836 895 iis,
1873 816 2066 895 Jova,
2108 822 2434 897 doctorem,

209 910 589 986 nagistrum,
659 917 731 963 ut
775 908 1116 984 intelligant
1154 917 1395 984 gentes,
1454 926 1518 965 se
1558 926 1688 965 esse
1729 909 2031 968 num-,sales
2117 908 2220 966 Sic
2263 910 2430 968 Alex.

168 986 173 993 ⁸
213 987 590 1073 κατάστησον
630 994 979 1073 νομσθέτην
1025 988 1130 1054 ἐπ’
1177 988 1416 1064 αὐτοῖς,
1458 1002 1518 1048 et
1548 992 1770 1069 Syrus·
1815 1004 2012 1053 statue
2054 994 2146 1052 eis
2190 992 2433 1071 legisla-

214 1086 420 1135 torem.
516 1081 650 1160 0352
685 1090 828 1158 ηδ’-,Ιχ
858 1076 945 1134 Ut
972 1080 1175 1137 sciant
1210 1086 1441 1154 gentes,
1484 1094 1548 1133 se
1579 1076 1834 1135 homines
1864 1096 2013 1149 esse,
2054 1092 2137 1135 uc·
2151 1081 2433 1161 cogitent,

209 1161 563 1220 sebomines
590 1159 806 1222 debile’s
848 1174 909 1220 et
945 1164 1260 1220 imbecilles
1298 1181 1457 1234 esse,
1503 1165 1713 1239 quibus
1750 1182 1868 1223 non
1900 1172 2203 1240 tantopere
2231 1182 2434 1240 super-

205 1247 500 1307 biendum.
587 1249 739 1306 Ante
777 1260 922 1326 ειν-ιζ
952 1248 1188 1306 subaud.
1223 1243 1380 1339 3272}
1416 1255 1521 1318 ut,
1580 1256 1638 1304 et
1675 1260 1809 1305 ante
1849 1250 2007 1307 uhu&
2039 1250 2314 1306 omissum
2345 1258 2436 1306 est

204 1334 473 1409 :quod
505 1330 708 1406 homo,
761 1328 986 1411 singuli
1024 1335 1155 1434 ipsi
1164 1334 1325 1403 sint,
1371 1350 1506 1390 nam
1544 1351 1710 1411 pron.
1739 1343 1890 1393 rem-1
1920 1310 2093 1392 babet
2123 1335 2242 1392 vim
2271 1335 2438 1395 verbi

199 1369 593 1494 substantivi,
637 1429 705 1478 ut
737 1418 883 1475 alias
919 1419 1271 1497 saepissime.

1192 1604 1305 1665 Ps.
1368 1608 1465 1664 lo.
1851 1690 1880 1705 -

380 1722 575 1783 Poeta
606 1726 793 1802 primo
830 1724 1108 1782 describit
1148 1726 1450 1803 ingenium
1486 1736 1546 1783 et
1582 1742 1771 1781 mores
1812 1723 2209 1799 improborum
2246 1722 2439 1782 homi-

203 1828 389 1882 num,
436 1812 541 1885 qui
576 1828 683 1867 sua
715 1812 977 1887 potentia
1006 1809 1081 1866 ad
1118 1812 1449 1867 tenuiorum
1482 1811 1790 1885 perniciem
1821 1810 2174 1882 abutuntur,
2236 1812 2337 1893 qui
2378 1809 2441 1867 id

208 1904 452 1953 tantum
482 1888 713 1953 *rectum
749 1893 1004 1968 ducunt,
1059 1896 1214 1971 quod
1246 1895 1425 1951 libido
1462 1896 1741 1969 imperat,
1782 1896 1968 1969 iisque
1996 1897 2183 1952 solum
2219 1894 2439 1965 favent,

214 1998 358 2055 quos
393 1980 492 2037 sui
525 1981 742 2041 similes
772 1982 1095 2053 reperiunt,
1126 1982 1251 2059 qui,
1283 1981 1421 2037 elati
1455 1981 1818 2057 arrogantia,
1849 1977 2030 2035 Deum
2063 1997 2181 2035 nou
2210 1987 2439 2050 curant,

215 2065 329 2122 imo
366 2065 634 2122 divinam
662 2064 1087 2139 providentiam
1128 2085 1159 2120 e
1195 2065 1363 2121 rebus
1388 2064 1656 2120 humanis
1684 2063 1932 2130 tollunt;
1990 2082 2133 2139 quos
2170 2072 2444 2139 perpetua

208 2147 467 2207 felicitas
500 2167 736 2206 securos
765 2145 957 2205 reddit
989 2151 1051 2205 in
1086 2160 1376 2226 posterum
1417 2149 1605 2209 ouinis
1636 2149 1910 2222 periculi3
1956 2150 2057 2224 qui
2085 2149 2229 2206 illud
2263 2166 2444 2206 unum

213 2244 440 2313 agunt,
502 2243 570 2289 ut
614 2233 733 2290 doli
777 2234 1035 2309 artisque
1072 2236 1311 2310 ignaros
1357 2228 1618 2290 homines
1661 2232 2051 2306 imprudentes
2084 2240 2142 2287 et
2161 2234 2443 2289 incautos

217 2317 541 2395 decipiant.
625 2308 784 2376 Hinc
814 2311 1023 2375 Jovam
1061 2337 1275 2397 magno
1318 2318 1526 2375 ardore
1566 2326 1867 2416 precatur,
1920 2334 1993 2374 ne
2030 2333 2165 2372 suos
2200 2314 2445 2388 deserat,

217 2412 274 2462 et
306 2406 527 2481 impios
562 2400 826 2462 homines
856 2403 1075 2461 inultos
1108 2404 1298 2476 sinat,
1345 2422 1459 2480 quo
1493 2403 1583 2459 vel
1619 2418 1723 2456 suo
1759 2401 1870 2476 ipsi
1898 2401 2083 2471 malo,
2127 2403 2221 2458 vel
2255 2400 2445 2458 alieno

219 2491 617 2566 sapientiores
652 2487 830 2560 facti,
879 2487 1068 2546 Deum
1100 2490 1378 2546 scelerum
1412 2487 1699 2545 vindicem
1738 2497 2021 2563 cogantur
2052 2485 2262 2554 sateri3
2313 2494 2448 2542 tan-

220 2571 469 2650 demque
522 2571 863 2629 malefacere
916 2572 1198 2630 desinant.
1282 2572 1549 2649 Denique
1593 2569 1873 2645 affirmat,
1934 2570 1996 2627 id
2037 2570 2225 2629 Deum
2271 2570 2447 2628 dubio

225 2660 433 2735 procul
467 2657 794 2730 facturum,
841 2659 1248 2735 improbosque
1288 2668 1554 2735 potenter
1581 2658 1871 2727 ulturum,
1915 2675 2030 2733 quo
2067 2667 2287 2713 ceteros
2318 2656 2452 2731 qui-

224 2744 350 2801 dem
402 2741 668 2799 homines
714 2761 750 2799 a
792 2745 1090 2800 maleficiis
1134 2744 1473 2800 absterreat.
1528 2771 1612 2782 -
1667 2738 2067 2801 Hebraeorum
2105 2743 2450 2817 interpretes

223 2830 464 2904 qnidam
503 2826 661 2885 hunc
690 2826 785 2884 Ps.
815 2845 935 2885 non
971 2828 1040 2884 de
1073 2848 1138 2886 re
1170 2829 1366 2903 aliqua
1399 2826 1679 2903 peculiari
1707 2825 1924 2884 editum
1958 2834 2194 2902 putant,
2248 2824 2350 2882 sed
2385 2833 2453 2882 ut

224 2924 384 2969 esset
421 2914 653 2983 oratio,
711 2931 883 2988 quam
924 2931 1092 2970 orare
1133 2923 1326 2989 posset
1364 2912 1537 2969 homo
1571 2910 1814 2985 quilibet
1848 2914 1910 2968 in
1939 2912 2271 2967 calamitate
2311 2927 2453 2966 con-

224 3000 495 3055 stitutus.
583 2996 796 3055 Verum
829 3016 1008 3073 quum
1035 2998 1421 3055 vetustissimi
1451 3006 1652 3073 poetae
1684 2992 1803 3051 fere
1836 2995 2059 3070 semper
2089 3012 2319 3051 eausam
2345 2994 2455 3050 ali-

227 3101 405 3159 quam
439 3081 788 3155 habuerint,
827 3085 890 3138 in
919 3101 983 3138 re
1015 3092 1177 3161 gesta
1206 3085 1477 3157 positam,
1523 3080 1595 3137 ob
1627 3097 1799 3154 quam
1829 3082 2085 3137 carmina
2114 3088 2459 3158 pangerent,

228 3168 557 3226 verisimile
587 3176 710 3238 est,
755 3169 1064 3225 accessisse
1109 3185 1336 3243 quoque
1376 3176 1644 3223 nostrum
1678 3165 1749 3221 ad
1784 3166 2257 3239 compositionem
2287 3163 2458 3236 hujus

228 3253 520 3328 poematis
553 3270 628 3308 ex
658 3254 854 3327 aliqua
882 3272 947 3309 re
981 3252 1361 3309 memorabili.
1445 3250 1649 3317 Qualis
1685 3269 1826 3308 vero
1870 3249 2082 3321 fuerit,
2142 3258 2300 3304 certo
2341 3249 2462 3305 dici

230 3338 334 3393 vix
383 3338 624 3413 poterit.
708 3337 761 3395 E
800 3336 897 3394 Vs.
936 3336 1029 3394 16.
1072 3337 1346 3414 colligere
1392 3345 1513 3405 est,
1573 3342 1903 3391 exterarum
1942 3336 2200 3412 gentium
2243 3334 2306 3389 in
2338 3329 2460 3398 He·-

231 3420 444 3480 braeos
475 3419 737 3479 furorem
772 3422 1058 3492 describi‚·
1098 3440 1206 3476 nec
1235 3420 1609 3496 improbabile
1639 3429 1747 3491 est,
1780 3419 1932 3494 quod
1958 3418 2010 3475 J.
2042 3417 2115 3475 D.
2145 3416 2466 3490 Michaelis,

232 3504 309 3565 Η.
344 3505 425 3563 Ε.
460 3504 534 3562 G.
566 3505 784 3564 Paulus
820 3517 877 3564 et
905 3505 995 3563 De
1022 3504 1216 3563 'Wette
1262 3507 1620 3580 conjiciunt,
1678 3502 1970 3560 Psalmum
2010 3503 2319 3603 implorare
2351 3501 2467 3560 Dei

236 3611 451 3667 opem,
505 3608 619 3666 quo
657 3606 911 3668 tempore
940 3591 1222 3648 finitimae
1264 3600 1465 3667 gentes
1505 3588 1685 3643 armis
1727 3587 2080 3664 aliquamdiu
2122 3579 2469 3670 superiores,

237 3679 327 3733 uti
370 3674 782 3750 Philisthaei,
805 3674 1132 3746 cananaei,
1177 3670 1467 3746 Idumaei,
1508 3670 1835 3743 Moabitae,
1893 3672 2285 3730 israelitarum
2324 3661 2471 3728 fines

237 3762 683 3819 incursionibus
728 3772 786 3821 et
824 3761 1154 3818 latrociniis
1194 3758 1619 3816 infestaverint.
1707 3758 1836 3824 Quo
1883 3759 2074 3815 minus
2118 3757 2473 3855 temporibus

236 3846 499 3904 reditum
541 3864 573 3901 e
604 3844 957 3924 Babylonico
990 3845 1169 3901 exilio
1210 3845 1535 3921 insequutis
1564 3842 1861 3899 Psalmum
1893 3844 2288 3920 assignemus,
2344 3830 2477 3915 qui-

240 3928 349 3988 bus
411 3917 671 3990 Hebraei
727 3949 765 3989 a
813 3930 1078 3988 finitimis
1124 3931 1288 3986 varie
1331 3928 1534 3988 ιοιιιιιί
1576 3936 1749 3999 sunt,
1817 3935 1977 3983 vetat
2027 3927 2212 4001 stylus
2279 3925 2480 3982 conci-

244 4032 344 4070 sus
396 4021 456 4071 et
505 4017 881 4074 vetustiorem
926 4022 1173 4072 aetatem
1230 4011 1526 4085 referens,
1601 4032 1714 4089 quo
1775 4030 2008 4070 carmen
2064 4004 2229 4067 haud
2274 4019 2482 4086 parum

245 4096 423 4157 habet
469 4097 851 4162 difficultatis.

427 4219 485 4275 1.
571 4220 782 4312 pinna
818 4219 999 4294 '35:322
1043 4218 1203 4306 nyx*
1254 4209 1387 4277 *02²-
1434 4216 1675 4287 Quare,
1713 4213 1895 4284 aava,
1935 4209 2214 4270 subsistis
2255 4211 2318 4269 in
2362 4211 2489 4268 lou-
2590 4215 2611 4248 ν’

255 4300 524 4379 ginquo?
609 4288 805 4371 Quare
836 4285 1126 4362 ιιιιιιίἶὶιιιιῖ
1153 4295 1302 4362 mihi
1331 4312 1594 4359 extreme
1619 4298 1986 4356 conflictanti
2018 4297 2289 4397 denegas,
2334 4315 2404 4353 ac
2436 4296 2490 4351 si
2541 4337 2554 4346 .

256 4405 498 4464 prorsus
537 4385 615 4445 ad
641 4399 704 4448 te
736 4407 871 4450 ιιοιι
880 4385 1250 4467 pertineam?
1333 4397 1462 4475 '¹⁷:3³3
1489 4386 1601 4444 hoc
1626 4386 1756 4444 solo
1790 4382 1921 4442 loco
1956 4401 2089 4442 cum
2124 4383 2293 4468 sam-i
2310 4399 2428 4461 «per
2449 4389 2498 4455 ξι

1208 4484 1232 4512 N
