2807 4913
966 334 1086 402 Pes
1140 355 1160 396 1
1184 336 1308 416 22,
1350 328 1392 394 3
1417 365 1505 379 -
1528 327 1608 397 5.
2246 322 2397 396 627

171 530 377 574 sensus
423 517 540 574 erit
581 516 712 577 hiet
774 521 836 577 in
880 519 998 576 tuis
1041 515 1266 593 portis,
1322 508 1768 590 Hierosolyma,
1817 512 1934 569 erit
1967 509 2152 570 statio
2175 520 2414 574 nostrai¹

175 601 292 660 Sed
324 611 618 699 praestat,
663 602 816 662 hunc
838 604 1082 665 Versum
1112 604 1175 659 in
1207 599 1509 658 Praesenti
1538 598 1944 673 interpretari,
1981 607 2052 653 ut
2074 598 2196 655 sint
2221 613 2397 656 voces

112 740 119 746 .
172 683 654 812 adventantium,
684 687 808 747 boc
840 686 1050 760 modo,
1089 687 1210 761 jam
1241 683 1612 742 subsistimus
1641 683 1798 740 inu-a
1827 689 2028 758 portas
2060 690 2214 755 tuas,
2252 681 2399 742 Hie-

168 772 498 847 rosolyma.
820 800 825 813 ·

343 881 402 936 3.
489 880 830 958 Sequuntur
864 883 983 956 J'am
1027 880 1225 938 laudes
1252 864 1829 953 Hierosolymitanae
1859 828 2054 946 urbis,
2107 883 2169 932 et
2204 876 2395 952 primo

171 964 402 1041 quidem
447 984 515 1021 eo
556 966 913 1038 celebratur,
971 966 1128 1042 quod
1167 981 1287 1022 non
1323 964 1445 1037 J’um
1487 963 1673 1017 instar
1706 960 1825 1033 vici
1858 955 2221 1016 domunculis
2258 959 2396 1017 hinc

172 1050 307 1107 inde
357 1046 664 1124 dispersis,
741 1048 842 1106 sed
893 1052 1178 1108 connexis
1223 1056 1282 1103 et
1333 1045 1771 1102 cohaerentibus
1819 1041 2098 1100 aedificiis
2148 1055 2397 1120 constet,

169 1133 424 1209 adeoque
460 1139 680 1212 amplae
714 1135 875 1192 urbis
904 1134 1149 1191 formam
1185 1133 1423 1190 omnino
1455 1130 1694 1187 habeat:
1759 1128 1859 1205 qui
1898 1128 2127 1204 quidem
2166 1130 2397 1205 simpli-

169 1219 435 1276 cissimus
463 1219 695 1276 videtur
731 1235 933 1276 sensus
963 1219 1307 1275 verborum:
1353 1213 1769 1290 Hierosolyma
1813 1210 2146 1284 aedificata
2185 1222 2282 1270 est
2325 1220 2399 1271 ut

169 1303 411 1374 civitas,
462 1322 610 1381 quae
652 1301 979 1374 conjuncta
1023 1302 1141 1359 sibi
1181 1310 1275 1360 est
1313 1317 1466 1371 una,
1508 1299 1546 1354 i.
1576 1319 1623 1357 e.
1658 1316 1803 1374 quae
1833 1299 2123 1373 perpetuis
2156 1297 2397 1357 aedibus

169 1397 294 1445 tota
340 1389 449 1446 sibi
488 1390 671 1445 veluti
713 1396 801 1444 est
844 1389 1152 1462 conjuncta
1192 1404 1262 1444 ac
1300 1384 1635 1445 cohaerens.
1719 1394 1760 1442 5
1806 1389 1943 1439 ante
1982 1391 2097 1463 5733
2138 1380 2198 1441 h.
2224 1383 2267 1439 l.
2301 1402 2396 1440 re·-

167 1472 422 1545 dundat,
467 1483 534 1530 ut
565 1475 709 1529 alias
742 1490 941 1548 saepe,
982 1473 1167 1530 veluti
1201 1470 1371 1528 Num.
1411 1470 1508 1539 ll,
1544 1468 1597 1524 l.
1649 1447 1855 1525 lSizm.
1892 1467 1990 1538 10,
2019 1467 2121 1524 27.
2204 1464 2396 1525 Verba

169 1567 324 1648 772¹}st
367 1553 774 1651 1·”5··1τζι51ϊιύ
820 1557 1009 1633 Syrus
1044 1552 1130 1614 ita
1162 1555 1446 1613 reddidit.
1494 1552 1656 1609 sieut
1695 1551 1953 1623 civitas,
2000 1568 2174 1628 quam
2215 1549 2398 1608 ambit

167 1659 389 1697 murus.
435 1623 906 1717 Symmachus:
972 1635 1310 1718 συνάφειαν
1371 1638 1591 1718 ἔχουσα
1649 1632 1823 1709 ὁμοῦ.
1926 1635 2390 1694 Alexandrinus:

167 1713 240 1797 ’ἧς
288 1719 323 1802 ἢ
347 1722 588 1824 μετοχὴ
631 1720 819 1808 αὐτῆς
866 1723 965 1788 ἐπὶ
1000 1724 1071 1786 τὸ
1101 1719 1276 1800 αὐτό,
1321 1735 1383 1782 et
1406 1724 1723 1801 vulgatus:
1766 1718 1940 1793 cujus
1975 1720 2391 1797 participatio

94 1862 99 1875 f
168 1808 300 1881 ejus
336 1810 398 1864 in
439 1805 504 1866 id
536 1813 744 1888 ipsum.
817 1812 972 1870 Sunt
1002 1815 1102 1889 qui
1131 1813 1296 1869 illum
1338 1806 1573 1903 ’ΠἾ5Πῑύ
1610 1807 1819 1886 legisse
1848 1816 2137 1877 censeant,
2179 1823 2215 1862 a
2253 1812 2397 1893 5511

166 1894 592 1972 participatio,
625 1897 1011 1953 consociatio.
1067 1897 1330 1976 Agellius
1359 1889 1495 1952 νει-ὀ
1496 1872 1761 1968 vulgati
1790 1890 2127 1967 interpretis
2163 1907 2398 1946 sensum

168 1980 256 2033 ita
297 1980 580 2053 explicat.
634 1981 887 2051 „laudat
919 1982 1117 2039 urbem
1155 1979 1474 2041 Jerusalem
1509 1996 1585 2035 ex
1623 1975 1953 2052 frequentia
1993 1975 2248 2031 maxima
2287 1992 2395 2049 po·

167 2063 312 2138 puli,
354 2063 529 2138 quod,
550 2081 690 2120 'curn
719 2085 786 2122 eo
820 2074 909 2122 ter
941 2067 1006 2122 in
1038 2085 1194 2123 anno
1235 2069 1509 2125 universa
1539 2078 1682 2139 gens
1714 2059 2069 2130 conveniret,
2097 2059 2397 2117 videretur

167 2148 487 2221 metropoli
515 2149 861 2223 persimilis,
919 2151 990 2208 ad
1036 2169 1206 2227 quam
1238 2151 1502 2226 undique
1542 2165 1616 2203 ex
1657 2143 1882 2220 oppidis
1927 2144 2294 2221 castellisque
2334 2151 2395 2199 et

126 2232 705 2331 ,circumjacentibus
761 2236 1155 2334 regionibus,
1211 2235 1315 2292 fiat
1363 2242 1740 2300 concursus,
1789 2236 1885 2299 et,
1943 2235 2013 2283 ut
2061 2228 2184 2302 ipse
2231 2226 2399 2299 dicit,
2453 2283 2454 2286 ,

153 2316 571 2393 participatio
612 2326 671 2374 et
713 2320 1045 2377 associatio.
1050 2321 1093 2352 ‘⁶
1175 2320 1299 2378 Nos
1343 2321 1405 2376 in
1448 2333 1552 2389 eo,
1611 2313 1768 2391 quod
1813 2320 1991 2413 supra
2031 2314 2220 2413 primo
2267 2313 2396 2369 loeo

159 2399 439 2473 dedimus,
484 2401 958 2490 acquiescendum
1000 2414 1288 2481 putamus.

335 2518 636 2608 11.an
681 2516 872 2593 Illuc,
929 2528 1207 2599 tanquam
1239 2522 1313 2580 ad
1353 2514 1711 2579 domicilium
1746 2510 2055 2593 religionis
2089 2520 2151 2572 et
2182 2479 2396 2587 locum,

163 2621 334 2681 quem
365 2603 478 2661 sibi
507 2585 654 2662 Jova
676 2606 860 2685 elegit
887 2605 1002 2664 Ex.
1023 2605 1128 2680 20,
1149 2609 1250 2667 21.
1289 2637 1362 2651 ·—-
1411 2602 1520 2691 aba:
1550 2597 1922 2673 Accendant,
1963 2610 2055 2658 ter
2082 2602 2399 2678 quotannis

160 2690 225 2744 in
258 2687 596 2747 solennibus
629 2690 795 2747 festis
823 2690 1297 2766 proficiscuntur,
1336 2691 1451 2750 Ex.
1473 2672 1581 2761 23,
1607 2685 1679 2744 1³5
1700 2718 1778 2728 —
1803 2687 1897 2743 1⁷.
1942 2684 2047 2757 34,
2075 2686 2175 2742 23.
2218 2684 2398 2744 Deut.

168 2773 269 2841 16,
300 2772 396 2827 16.
428 2774 812 2842 Ascendere
854 2794 994 2835 vero
1028 2776 1302 2835 dicuntur
1332 2774 1816 2849 Hierosolymam
1831 2769 2261 2846 proficiscentes
2295 2780 2399 2842 ut,-

160 2868 296 2932 pote
352 2856 416 2912 in
464 2860 762 2935 regionem
815 2864 1024 2918 ceteris
1071 2865 1191 2920 situ
1235 2865 1542 2933 altiorem,
1614 2856 1692 2918 cf·
1731 2856 1868 2922 Luc·
1902 2857 1965 2924 2,
1995 2856 2098 2914 41·
2163 2856 2259 2931 18,
2291 2849 2399 2913 3Ῑ.

159 2955 240 3002 ’δι’
287 2938 464 3019 '¹2:222ss
501 2940 720 3000 Tribus
747 2942 938 3002 Jovae
971 2956 1260 3006 vocantur
1293 2947 1484 3005 tribus
1512 2943 1878 3002 israeliticae
1897 2941 1970 3000 ob
2000 2907 2210 3006 foedus
2235 2942 2396 3012 istud

158 3004 485 3101 peculiare,
543 3028 698 3100 quod
728 3023 885 3085 Jova
911 3048 1041 3089 cum
1077 3030 1187 3088 hac
1224 3043 1396 3113 gente
1428 3030 1798 3099 sanciverat,
1852 3042 2040 3102 quam
2065 3029 2245 3084 etiam
2283 3044 2396 3085 suo

159 3111 277 3167 sibi
304 3121 639 3168 servaverat
666 3112 960 3191 regimini,
1005 3114 1075 3171 ef.
1110 3115 1284 3176 Dent.
1319 3118 1422 3187 32,
1449 3116 1508 3172 9.
1552 3113 1649 3170 Ps.
1684 3113 1790 3185 74,
1801 3107 1875 3166 2.
1905 3110 2027 3178 Jes.
2057 3105 2278 3183 63,17.
2304 3137 2396 3157 -ι

158 3188 417 3284 ξΝἻΨύ
460 3208 621 3274 ιιι-εξ
659 3193 992 3266 Secundum
1032 3209 1335 3259 statutum
1375 3197 1617 3260 Israeli
1646 3194 1866 3267 datum,
1913 3195 2225 3254 subaudito
2255 3183 2397 3255 aute

120 3261 327 3354 „ru-¹35,
352 3260 559 3356 Caph,
615 3291 684 3338 ut
729 3280 823 3338 Ps.
855 3284 960 3353 68,
993 3283 1093 3340 14.
1111 3325 1132 3356 ,
1194 3296 1368 3362 atque
1408 3286 1644 3343 nomine
1688 3278 2116 3362 significatione
2161 3275 2394 3340 statuti

154 3372 428 3437 accepto,
470 3374 537 3421 ut
580 3363 1485 3444 Ps.25,1o.(ubin0t.vid.)‚
1543 3367 1721 3425 Deut0
1751 3369 1814 3436 4,
1843 3363 1948 3425 45
1992 3366 2076 3437 6,
2080 3366 2180 3422 20.
2266 3366 2394 3425 Alii

152 3458 314 3508 ΝΠ»
348 3448 550 3505 usitati
583 3445 912 3508 testimonii
941 3453 1377 3540 significatione
1409 3454 1667 3529 capiunt,
1696 3460 1764 3507 ut
1789 3449 1930 3508 haec
1960 3451 2052 3507 sit
2067 3452 2390 3510 sententia.

157 3548 292 3588 oum
332 3542 588 3610 pergunt
628 3535 816 3593 tribus
851 3517 1208 3597 Israeliticae
1244 3533 1714 3614 Hierosolymam
1749 3533 1821 3591 ad
1852 3530 2255 3594 celebrandum
2286 3529 2389 3593 Jo-
2489 3556 2500 3565 ⁴

151 3634 327 3688 vam,
407 3616 467 3674 id
517 3617 703 3691 ipsum
748 3621 832 3679 eis
876 3620 983 3722 pro
1027 3625 1364 3682 testimonio
1414 3630 1537 3693 est,
1605 3636 1668 3675 se
1717 3636 1841 3674 esse
1892 3622 2170 3695 populum
2206 3613 2389 3678 Jovae

154 3702 540 3775 peculiarem3
599 3700 753 3760 hoc
740 3701 912 3783 signo
945 3697 1273 3782 indicatur,
1325 3708 1401 3767 ed
1432 3703 1637 3763 Jovam
1679 3702 1811 3759 illos
1850 3705 2174 3778 pertinere,
2227 3703 2388 3762 illius
2497 3711 2501 3716 '

155 3786 499 3922 ‘slervitutem
541 3796 601 3846 et
638 3788 861 3846 cultum
893 3793 1236 3864 suscepisse.
1321 3792 1442 3855 Sed
1479 3789 1644 3868 prior
1678 3787 1831 3845 ratio
1877 3784 2253 3863 praeferenda
2294 3789 2389 3845 via

194 3876 344 3926 etur.

331 3975 386 4035 5.
460 3979 665 4039 Tertia
696 3984 824 4040 laus
856 3939 1431 4058 Hierosolymitanae
1460 3986 1644 4056 urbis,
1686 3983 1840 4059 quod
1875 3999 1945 4038 ea
1978 3981 2185 4037 civitas
2216 3988 2389 4055 esset,

155 4061 222 4115 iu
258 4078 371 4135 qua
401 4064 708 4136 J'udicandi
737 4075 996 4143 potestas
1030 4066 1344 4138 resideret,
1398 4085 1468 4122 ac
1497 4069 1813 4140 majestatis
1844 4065 2046 4145 regiae
2075 4066 2235 4121 sedes
2267 4065 2393 4123 col-²

155 4145 380 4200 locatae
407 4159 616 4206 essent.
707 4160 856 4252 mm?
893 4147 1143 4222 Ibidem,
1178 4151 1660 4250 Hierosolymam
1670 4161 1742 4207 nt
1771 4150 2094 4208 Chaldaeus
2126 4129 2396 4219 addidit}

156 4235 207 4286 27
236 4233 648 4310 paragogicum
678 4232 778 4293 hic
808 4254 927 4293 non
959 4227 1256 4315 signifieat
1288 4237 1598 4293 teminum
1626 4235 1698 4291 ad
1731 4253 1919 4311 quem,
1945 4235 2054 4292 sed
2082 4231 2396 4316 redundat,

147 4322 217 4368 ut
258 4312 371 4370 Jer.
410 4317 509 4385 18,
538 4316 597 4373 2.
639 4316 735 4376 Ps.
766 4321 867 4392 76,
898 4325 958 4380 4.
1048 4320 1159 4379 Pro
1201 4319 1359 4384 affl
1379 4317 1619 4392 Gedeni,
1637 4317 1988 4376 Chaldaeus
2015 4311 2190 4377 recte
2209 4319 2390 4377 eollo-

139 4406 321 4456 eatae
366 4409 509 4458 sunt
553 4403 765 4477 posuit.
849 4361 1091 4500 ’55555
1114 4388 1368 4502 ιπῆιεέ5
1364 4402 1590 4463 Sedes
1597 4362 2148 4477 Emmanuelem,
2168 4397 2396 4479 Judicia

1613 4489 1668 4548 R
1694 4509 1726 4546 r
1760 4490 1802 4546 2
