<?xml version="1.0" encoding="UTF-8"?>
<!DOCTYPE html PUBLIC "-//W3C//DTD XHTML 1.0 Transitional//EN"
    "http://www.w3.org/TR/xhtml1/DTD/xhtml1-transitional.dtd">
<html xmlns="http://www.w3.org/1999/xhtml" xml:lang="en" lang="en">
 <head>
  <title>
</title>
<meta http-equiv="Content-Type" content="text/html;charset=utf-8" />
  <meta name='ocr-system' content='tesseract 3.04.00' />
  <meta name='ocr-capabilities' content='ocr_page ocr_carea ocr_par ocr_line ocrx_word'/>
</head>
<body>
  <div class='ocr_page' id='page_1' title='image "./scholiainpsalmo00rosegoog_0014.png"; bbox 0 0 2807 4913; ppageno 0'>
   <div class='ocr_carea' id='block_1_1' title="bbox 333 228 1768 383">
    <p class='ocr_par' dir='ltr' id='par_1_1' title="bbox 333 228 1768 383">
     <span class='ocr_line' id='line_1_1' title="bbox 333 228 1768 383; baseline -0.001 -39"><span class='ocrx_word' id='word_1_1' title='bbox 333 271 383 344; x_wconf 84' lang='grc'>6</span> <span class='ocrx_word' id='word_1_2' title='bbox 1119 228 1768 383; x_wconf 60' lang='grc' dir='ltr'><strong>Ρνρζεςοηιοῃαὶ</strong></span> 
     </span>
    </p>
   </div>
   <div class='ocr_carea' id='block_1_2' title="bbox 308 457 2628 3001">
    <p class='ocr_par' dir='ltr' id='par_1_2' title="bbox 308 457 2628 3001">
     <span class='ocr_line' id='line_1_2' title="bbox 334 457 2572 545; baseline 0 -26"><span class='ocrx_word' id='word_1_3' title='bbox 334 457 589 543; x_wconf 74' lang='lat' dir='ltr'><strong>Psalmi,</strong></span> <span class='ocrx_word' id='word_1_4' title='bbox 660 458 766 538; x_wconf 75' lang='lat' dir='ltr'><strong>qui</strong></span> <span class='ocrx_word' id='word_1_5' title='bbox 818 457 1081 545; x_wconf 81' lang='lat' dir='ltr'><strong>proximo</strong></span> <span class='ocrx_word' id='word_1_6' title='bbox 1125 460 1388 538; x_wconf 81' lang='lat' dir='ltr'><strong>sequitur</strong></span> <span class='ocrx_word' id='word_1_7' title='bbox 1401 501 1424 534; x_wconf 90' lang='lat'>‚</span> <span class='ocrx_word' id='word_1_8' title='bbox 1490 460 1725 536; x_wconf 80' lang='lat' dir='ltr'><strong>limine3</strong></span> <span class='ocrx_word' id='word_1_9' title='bbox 1794 459 1945 519; x_wconf 85' lang='lat' dir='ltr'><strong>nibil</strong></span> <span class='ocrx_word' id='word_1_10' title='bbox 1999 476 2141 525; x_wconf 76' lang='lat' dir='ltr'><strong>sane</strong></span> <span class='ocrx_word' id='word_1_11' title='bbox 2198 459 2572 537; x_wconf 71' lang='lat' dir='ltr'>probabilius</span> 
     </span>
     <span class='ocr_line' id='line_1_3' title="bbox 336 575 2574 670; baseline -0 -34"><span class='ocrx_word' id='word_1_12' title='bbox 336 576 530 642; x_wconf 74' lang='lat' dir='ltr'><strong>videri</strong></span> <span class='ocrx_word' id='word_1_13' title='bbox 567 577 790 657; x_wconf 80' lang='lat' dir='ltr'><strong>possit,</strong></span> <span class='ocrx_word' id='word_1_14' title='bbox 842 594 1014 657; x_wconf 81' lang='lat' dir='ltr'><strong>quam</strong></span> <span class='ocrx_word' id='word_1_15' title='bbox 1059 577 1232 638; x_wconf 82' lang='lat' dir='ltr'><strong>hosce</strong></span> <span class='ocrx_word' id='word_1_16' title='bbox 1272 576 1607 641; x_wconf 76' lang='lat' dir='ltr'><strong>Esrachitas</strong></span> <span class='ocrx_word' id='word_1_17' title='bbox 1653 578 1880 637; x_wconf 76' lang='lat' dir='ltr'><strong>eosdem</strong></span> <span class='ocrx_word' id='word_1_18' title='bbox 1899 586 1902 591; x_wconf 57' lang='lat'><em>²</em></span> <span class='ocrx_word' id='word_1_19' title='bbox 1918 576 2098 636; x_wconf 80' lang='lat' dir='ltr'><strong>fuisse</strong></span> <span class='ocrx_word' id='word_1_20' title='bbox 2147 594 2277 670; x_wconf 76' lang='lat' dir='ltr'><strong>cum</strong></span> <span class='ocrx_word' id='word_1_21' title='bbox 2317 575 2574 636; x_wconf 72' lang='lat' dir='ltr'><strong>Set-achi</strong></span> 
     </span>
     <span class='ocr_line' id='line_1_4' title="bbox 338 689 2573 784; baseline -0.002 -28"><span class='ocrx_word' id='word_1_22' title='bbox 338 697 513 772; x_wconf 81' lang='lat' dir='ltr'><strong>filiis,</strong></span> <span class='ocrx_word' id='word_1_23' title='bbox 549 693 734 756; x_wconf 67' lang='lat' dir='ltr'><strong>,Iudae</strong></span> <span class='ocrx_word' id='word_1_24' title='bbox 767 697 1032 771; x_wconf 75' lang='lat' dir='ltr'><strong>posteris.</strong></span> <span class='ocrx_word' id='word_1_25' title='bbox 1116 694 1233 756; x_wconf 83' lang='lat' dir='ltr'><strong>Sed</strong></span> <span class='ocrx_word' id='word_1_26' title='bbox 1263 696 1412 755; x_wconf 82' lang='lat' dir='ltr'><strong>illud</strong></span> <span class='ocrx_word' id='word_1_27' title='bbox 1446 698 1636 774; x_wconf 88' lang='lat' dir='ltr'><strong>ipsum</strong></span> <span class='ocrx_word' id='word_1_28' title='bbox 1653 737 1674 770; x_wconf 87' lang='lat'>‚</span> <span class='ocrx_word' id='word_1_29' title='bbox 1713 692 2100 754; x_wconf 65' lang='lat' dir='ltr'><strong>Est-achitam</strong></span> <span class='ocrx_word' id='word_1_30' title='bbox 2138 689 2397 784; x_wconf 56' lang='grc' dir='ltr'>(Πῖῃξ)</span> <span class='ocrx_word' id='word_1_31' title='bbox 2438 712 2573 752; x_wconf 86' lang='lat' dir='ltr'><strong>esse</strong></span> 
     </span>
     <span class='ocr_line' id='line_1_5' title="bbox 339 809 2596 893; baseline -0.003 -21"><span class='ocrx_word' id='word_1_32' title='bbox 339 832 554 874; x_wconf 81' lang='lat' dir='ltr'><strong>nomen</strong></span> <span class='ocrx_word' id='word_1_33' title='bbox 588 812 1052 893; x_wconf 64' lang='lat' dir='ltr'><strong>patronymicum</strong></span> <span class='ocrx_word' id='word_1_34' title='bbox 1092 830 1131 872; x_wconf 77' lang='lat' dir='ltr'><strong>a</strong></span> <span class='ocrx_word' id='word_1_35' title='bbox 1164 810 1430 874; x_wconf 68' lang='lat' dir='ltr'><strong>Ser-acho</strong></span> <span class='ocrx_word' id='word_1_36' title='bbox 1447 854 1470 888; x_wconf 91' lang='lat'>‚</span> <span class='ocrx_word' id='word_1_37' title='bbox 1509 811 1677 872; x_wconf 80' lang='lat' dir='ltr'><strong>valde</strong></span> <span class='ocrx_word' id='word_1_38' title='bbox 1707 812 1948 871; x_wconf 83' lang='lat' dir='ltr'><strong>dubium</strong></span> <span class='ocrx_word' id='word_1_39' title='bbox 1984 821 2105 885; x_wconf 83' lang='lat' dir='ltr'><strong>est,</strong></span> <span class='ocrx_word' id='word_1_40' title='bbox 2149 829 2328 888; x_wconf 86' lang='lat' dir='ltr'><strong>quum</strong></span> <span class='ocrx_word' id='word_1_41' title='bbox 2366 820 2412 873; x_wconf 63' lang='grc' dir='ltr'><strong>Ν</strong></span> <span class='ocrx_word' id='word_1_42' title='bbox 2450 809 2596 869; x_wconf 84' lang='lat' dir='ltr'><strong>hu-.</strong></span> 
     </span>
     <span class='ocr_line' id='line_1_6' title="bbox 335 920 2574 1009; baseline -0.002 -20"><span class='ocrx_word' id='word_1_43' title='bbox 335 920 592 1005; x_wconf 58' lang='lat' dir='ltr'><strong>jusmodi</strong></span> <span class='ocrx_word' id='word_1_44' title='bbox 646 930 978 988; x_wconf 83' lang='lat' dir='ltr'><strong>nominibus</strong></span> <span class='ocrx_word' id='word_1_45' title='bbox 1030 950 1314 1008; x_wconf 82' lang='lat' dir='ltr'><strong>nusquam</strong></span> <span class='ocrx_word' id='word_1_46' title='bbox 1374 928 1526 989; x_wconf 84' lang='lat' dir='ltr'><strong>alias</strong></span> <span class='ocrx_word' id='word_1_47' title='bbox 1582 929 1903 1009; x_wconf 71' lang='lat' dir='ltr'><strong>praefixum</strong></span> <span class='ocrx_word' id='word_1_48' title='bbox 1940 930 2283 1008; x_wconf 80' lang='lat' dir='ltr'><strong>reperiatur.</strong></span> <span class='ocrx_word' id='word_1_49' title='bbox 2367 928 2574 996; x_wconf 78' lang='lat' dir='ltr'><strong>Quare</strong></span> 
     </span>
     <span class='ocr_line' id='line_1_7' title="bbox 343 1016 2573 1125; baseline -0 -23"><span class='ocrx_word' id='word_1_50' title='bbox 343 1045 454 1103; x_wconf 88' lang='lat' dir='ltr'><strong>alii</strong></span> <span class='ocrx_word' id='word_1_51' title='bbox 491 1045 811 1105; x_wconf 83' lang='lat' dir='ltr'><strong>Hemanem</strong></span> <span class='ocrx_word' id='word_1_52' title='bbox 839 1016 1231 1117; x_wconf 59' lang='lat' dir='ltr'><strong>Eat-achitum</strong></span> <span class='ocrx_word' id='word_1_53' title='bbox 1269 1049 1634 1107; x_wconf 86' lang='lat' dir='ltr'><strong>nominatum</strong></span> <span class='ocrx_word' id='word_1_54' title='bbox 1665 1056 1873 1125; x_wconf 83' lang='lat' dir='ltr'><strong>putant</strong></span> <span class='ocrx_word' id='word_1_55' title='bbox 1915 1065 1951 1104; x_wconf 90' lang='lat' dir='ltr'><strong>a</strong></span> <span class='ocrx_word' id='word_1_56' title='bbox 1992 1056 2157 1124; x_wconf 85' lang='lat' dir='ltr'><strong>patre</strong></span> <span class='ocrx_word' id='word_1_57' title='bbox 2181 1041 2417 1103; x_wconf 64' lang='lat' dir='ltr'><strong>Esraclt</strong></span> <span class='ocrx_word' id='word_1_58' title='bbox 2432 1085 2454 1118; x_wconf 90' lang='lat'>‚</span> <span class='ocrx_word' id='word_1_59' title='bbox 2496 1053 2573 1102; x_wconf 85' lang='lat' dir='ltr'><strong>ut</strong></span> 
     </span>
     <span class='ocr_line' id='line_1_8' title="bbox 341 1150 2570 1239; baseline -0.002 -16"><span class='ocrx_word' id='word_1_60' title='bbox 341 1159 440 1223; x_wconf 81' lang='lat' dir='ltr'><strong>hic</strong></span> <span class='ocrx_word' id='word_1_61' title='bbox 468 1160 696 1220; x_wconf 83' lang='lat' dir='ltr'><strong>Heman</strong></span> <span class='ocrx_word' id='word_1_62' title='bbox 734 1181 969 1239; x_wconf 87' lang='lat' dir='ltr'><strong>prorsus</strong></span> <span class='ocrx_word' id='word_1_63' title='bbox 1015 1163 1278 1224; x_wconf 81' lang='lat' dir='ltr'><strong>diversus</strong></span> <span class='ocrx_word' id='word_1_64' title='bbox 1320 1167 1402 1223; x_wconf 89' lang='lat' dir='ltr'><strong>sit</strong></span> <span class='ocrx_word' id='word_1_65' title='bbox 1442 1183 1478 1223; x_wconf 91' lang='lat' dir='ltr'><strong>a</strong></span> <span class='ocrx_word' id='word_1_66' title='bbox 1521 1150 1744 1222; x_wconf 77' lang='lat' dir='ltr'><strong>duobus</strong></span> <span class='ocrx_word' id='word_1_67' title='bbox 1786 1164 1909 1225; x_wconf 83' lang='lat' dir='ltr'><strong>illis</strong></span> <span class='ocrx_word' id='word_1_68' title='bbox 1926 1204 1947 1238; x_wconf 86' lang='lat'>‚</span> <span class='ocrx_word' id='word_1_69' title='bbox 2004 1172 2176 1221; x_wconf 78' lang='lat' dir='ltr'><strong>antea</strong></span> <span class='ocrx_word' id='word_1_70' title='bbox 2220 1178 2570 1220; x_wconf 87' lang='lat' dir='ltr'><strong>commemo-</strong></span> 
     </span>
     <span class='ocr_line' id='line_1_9' title="bbox 341 1272 2569 1364; baseline -0 -27"><span class='ocrx_word' id='word_1_71' title='bbox 341 1279 528 1351; x_wconf 82' lang='lat' dir='ltr'><strong>ratis3</strong></span> <span class='ocrx_word' id='word_1_72' title='bbox 594 1280 701 1336; x_wconf 81' lang='lat' dir='ltr'><strong>alii</strong></span> <span class='ocrx_word' id='word_1_73' title='bbox 747 1297 889 1339; x_wconf 81' lang='lat' dir='ltr'><strong>vero</strong></span> <span class='ocrx_word' id='word_1_74' title='bbox 947 1279 1260 1341; x_wconf 86' lang='lat' dir='ltr'><strong>Hemanem</strong></span> <span class='ocrx_word' id='word_1_75' title='bbox 1276 1323 1295 1356; x_wconf 88' lang='lat'><strong>,</strong></span> <span class='ocrx_word' id='word_1_76' title='bbox 1358 1282 1631 1364; x_wconf 69' lang='lat' dir='ltr'><strong>,Levitam</strong></span> <span class='ocrx_word' id='word_1_77' title='bbox 1651 1321 1670 1352; x_wconf 90' lang='lat'>,</span> <span class='ocrx_word' id='word_1_78' title='bbox 1739 1278 2159 1340; x_wconf 81' lang='lat' dir='ltr'><strong>Davidicorum</strong></span> <span class='ocrx_word' id='word_1_79' title='bbox 2187 1272 2569 1339; x_wconf 67' lang='lat' dir='ltr'><strong>‘Musicarum</strong></span> 
     </span>
     <span class='ocr_line' id='line_1_10' title="bbox 342 1393 2572 1478; baseline 0 -26"><span class='ocrx_word' id='word_1_80' title='bbox 342 1393 696 1473; x_wconf 75' lang='lat' dir='ltr'><strong>praefectum</strong></span> <span class='ocrx_word' id='word_1_81' title='bbox 714 1420 718 1426; x_wconf 88' lang='lat'>·</span> <span class='ocrx_word' id='word_1_82' title='bbox 736 1396 1111 1478; x_wconf 81' lang='lat' dir='ltr'><strong>inteliigunt‚</strong></span> <span class='ocrx_word' id='word_1_83' title='bbox 1168 1411 1237 1460; x_wconf 87' lang='lat' dir='ltr'><strong>ut</strong></span> <span class='ocrx_word' id='word_1_84' title='bbox 1274 1397 1612 1460; x_wconf 61' lang='lat' dir='ltr'><strong>Euae-hita</strong></span> <span class='ocrx_word' id='word_1_85' title='bbox 1652 1415 1774 1455; x_wconf 89' lang='lat' dir='ltr'><strong>non</strong></span> <span class='ocrx_word' id='word_1_86' title='bbox 1799 1396 2112 1471; x_wconf 73' lang='lat' dir='ltr'><strong>familiam</strong></span> <span class='ocrx_word' id='word_1_87' title='bbox 2151 1394 2252 1453; x_wconf 82' lang='lat' dir='ltr'><strong>sed</strong></span> <span class='ocrx_word' id='word_1_88' title='bbox 2291 1397 2572 1476; x_wconf 76' lang='lat' dir='ltr'><strong>patriam</strong></span> 
     </span>
     <span class='ocr_line' id='line_1_11' title="bbox 345 1509 2571 1589; baseline 0.001 -19"><span class='ocrx_word' id='word_1_89' title='bbox 345 1509 585 1570; x_wconf 81' lang='lat' dir='ltr'><strong>indicet.</strong></span> <span class='ocrx_word' id='word_1_90' title='bbox 640 1511 774 1580; x_wconf 83' lang='lat' dir='ltr'><strong>Hoc</strong></span> <span class='ocrx_word' id='word_1_91' title='bbox 808 1524 1036 1574; x_wconf 87' lang='lat' dir='ltr'><strong>tantum</strong></span> <span class='ocrx_word' id='word_1_92' title='bbox 1066 1526 1288 1577; x_wconf 85' lang='lat' dir='ltr'><strong>certum</strong></span> <span class='ocrx_word' id='word_1_93' title='bbox 1317 1514 1573 1588; x_wconf 79' lang='lat' dir='ltr'><strong>videtur,</strong></span> <span class='ocrx_word' id='word_1_94' title='bbox 1615 1533 1741 1574; x_wconf 79' lang='lat' dir='ltr'><strong>esse</strong></span> <span class='ocrx_word' id='word_1_95' title='bbox 1770 1531 2003 1572; x_wconf 84' lang='lat' dir='ltr'><strong>carmen</strong></span> <span class='ocrx_word' id='word_1_96' title='bbox 2034 1514 2223 1589; x_wconf 86' lang='lat' dir='ltr'><strong>ipsum</strong></span> <span class='ocrx_word' id='word_1_97' title='bbox 2258 1514 2322 1570; x_wconf 93' lang='lat' dir='ltr'><strong>in</strong></span> <span class='ocrx_word' id='word_1_98' title='bbox 2354 1514 2571 1572; x_wconf 85' lang='lat' dir='ltr'><strong>exsilio</strong></span> 
     </span>
     <span class='ocr_line' id='line_1_12' title="bbox 318 1624 2569 1705; baseline 0.002 -21"><span class='ocrx_word' id='word_1_99' title='bbox 318 1624 644 1704; x_wconf 79' lang='lat' dir='ltr'><strong>scriptum.</strong></span> <span class='ocrx_word' id='word_1_100' title='bbox 728 1629 801 1705; x_wconf 81' lang='lat' dir='ltr'><strong>d)</strong></span> <span class='ocrx_word' id='word_1_101' title='bbox 828 1630 1045 1690; x_wconf 82' lang='lat' dir='ltr'><strong>Eadem</strong></span> <span class='ocrx_word' id='word_1_102' title='bbox 1071 1634 1492 1703; x_wconf 83' lang='lat' dir='ltr'><strong>sententiarum</strong></span> <span class='ocrx_word' id='word_1_103' title='bbox 1522 1632 1830 1691; x_wconf 79' lang='lat' dir='ltr'><strong>diversitas</strong></span> <span class='ocrx_word' id='word_1_104' title='bbox 1864 1639 1953 1687; x_wconf 88' lang='lat' dir='ltr'><strong>est</strong></span> <span class='ocrx_word' id='word_1_105' title='bbox 1986 1627 2055 1687; x_wconf 84' lang='lat' dir='ltr'><strong>de</strong></span> <span class='ocrx_word' id='word_1_106' title='bbox 2082 1649 2171 1704; x_wconf 88' lang='lat' dir='ltr'><strong>eo,</strong></span> <span class='ocrx_word' id='word_1_107' title='bbox 2214 1631 2311 1688; x_wconf 90' lang='lat' dir='ltr'><strong>cui</strong></span> <span class='ocrx_word' id='word_1_108' title='bbox 2333 1629 2429 1687; x_wconf 72' lang='lat' dir='ltr'><strong>Pu.</strong></span> <span class='ocrx_word' id='word_1_109' title='bbox 2466 1631 2569 1689; x_wconf 87' lang='grc'><strong>89.</strong></span> 
     </span>
     <span class='ocr_line' id='line_1_13' title="bbox 346 1744 2571 1835; baseline 0.001 -34"><span class='ocrx_word' id='word_1_110' title='bbox 346 1746 701 1824; x_wconf 75' lang='lat' dir='ltr'><strong>assignatur,</strong></span> <span class='ocrx_word' id='word_1_111' title='bbox 738 1744 997 1822; x_wconf 73' lang='lat' dir='ltr'><strong>Ethane,</strong></span> <span class='ocrx_word' id='word_1_112' title='bbox 1036 1766 1204 1826; x_wconf 81' lang='lat' dir='ltr'><strong>quem</strong></span> <span class='ocrx_word' id='word_1_113' title='bbox 1236 1751 1496 1835; x_wconf 78' lang='lat' dir='ltr'><strong>plerique</strong></span> <span class='ocrx_word' id='word_1_114' title='bbox 1523 1746 1760 1826; x_wconf 76' lang='lat' dir='ltr'><strong>quidem</strong></span> <span class='ocrx_word' id='word_1_115' title='bbox 1787 1748 2030 1809; x_wconf 78' lang='lat' dir='ltr'><strong>eundem</strong></span> <span class='ocrx_word' id='word_1_116' title='bbox 2054 1749 2396 1815; x_wconf 81' lang='lat' dir='ltr'><strong>existimant</strong></span> <span class='ocrx_word' id='word_1_117' title='bbox 2434 1766 2571 1821; x_wconf 71' lang='lat' dir='ltr'><strong>pum</strong></span> 
     </span>
     <span class='ocr_line' id='line_1_14' title="bbox 345 1858 2570 1941; baseline 0.001 -22"><span class='ocrx_word' id='word_1_118' title='bbox 345 1858 575 1919; x_wconf 86' lang='lat' dir='ltr'><strong>Ethane</strong></span> <span class='ocrx_word' id='word_1_119' title='bbox 613 1862 818 1922; x_wconf 84' lang='lat' dir='ltr'><strong>Levita</strong></span> <span class='ocrx_word' id='word_1_120' title='bbox 858 1863 919 1938; x_wconf 88' lang='lat'><strong>(1</strong></span> <span class='ocrx_word' id='word_1_121' title='bbox 944 1861 1080 1922; x_wconf 89' lang='lat' dir='ltr'><strong>Chr.</strong></span> <span class='ocrx_word' id='word_1_122' title='bbox 1114 1871 1177 1941; x_wconf 87' lang='lat'><strong>6,</strong></span> <span class='ocrx_word' id='word_1_123' title='bbox 1206 1867 1394 1924; x_wconf 86' lang='grc'><strong>29-</strong></span> <span class='ocrx_word' id='word_1_124' title='bbox 1407 1867 1552 1941; x_wconf 84' lang='lat'><strong>32.)</strong></span> <span class='ocrx_word' id='word_1_125' title='bbox 1569 1906 1589 1938; x_wconf 87' lang='grc'><strong>,</strong></span> <span class='ocrx_word' id='word_1_126' title='bbox 1644 1882 1752 1923; x_wconf 88' lang='lat' dir='ltr'><strong>nec</strong></span> <span class='ocrx_word' id='word_1_127' title='bbox 1797 1864 2092 1923; x_wconf 83' lang='lat' dir='ltr'><strong>diversum</strong></span> <span class='ocrx_word' id='word_1_128' title='bbox 2133 1883 2169 1922; x_wconf 89' lang='lat' dir='ltr'><strong>a</strong></span> <span class='ocrx_word' id='word_1_129' title='bbox 2206 1862 2570 1937; x_wconf 72' lang='grc' dir='ltr'><strong>ΙοάιιεΙιιιιιο,</strong></span> 
     </span>
     <span class='ocr_line' id='line_1_15' title="bbox 348 1978 2571 2054; baseline 0.002 -20"><span class='ocrx_word' id='word_1_130' title='bbox 348 1978 451 2054; x_wconf 84' lang='lat' dir='ltr'><strong>qui</strong></span> <span class='ocrx_word' id='word_1_131' title='bbox 493 1996 612 2036; x_wconf 88' lang='lat' dir='ltr'><strong>una</strong></span> <span class='ocrx_word' id='word_1_132' title='bbox 659 1999 789 2037; x_wconf 90' lang='lat' dir='ltr'><strong>cum</strong></span> <span class='ocrx_word' id='word_1_133' title='bbox 829 1978 1087 2038; x_wconf 84' lang='lat' dir='ltr'><strong>Hemane</strong></span> <span class='ocrx_word' id='word_1_134' title='bbox 1132 1984 1289 2041; x_wconf 88' lang='lat' dir='ltr'><strong>inter</strong></span> <span class='ocrx_word' id='word_1_135' title='bbox 1334 1981 1502 2041; x_wconf 82' lang='lat' dir='ltr'><strong>chori</strong></span> <span class='ocrx_word' id='word_1_136' title='bbox 1542 1983 1754 2040; x_wconf 85' lang='lat' dir='ltr'><strong>musici</strong></span> <span class='ocrx_word' id='word_1_137' title='bbox 1793 1999 1831 2037; x_wconf 89' lang='lat' dir='ltr'><strong>a</strong></span> <span class='ocrx_word' id='word_1_138' title='bbox 1872 1980 2100 2040; x_wconf 84' lang='lat' dir='ltr'><strong>Davide</strong></span> <span class='ocrx_word' id='word_1_139' title='bbox 2143 1982 2404 2040; x_wconf 85' lang='lat' dir='ltr'><strong>instituti</strong></span> <span class='ocrx_word' id='word_1_140' title='bbox 2442 2000 2571 2039; x_wconf 88' lang='lat' dir='ltr'><strong>mo-</strong></span> 
     </span>
     <span class='ocr_line' id='line_1_16' title="bbox 349 2093 2569 2176; baseline 0.003 -27"><span class='ocrx_word' id='word_1_141' title='bbox 349 2093 644 2155; x_wconf 82' lang='lat' dir='ltr'><strong>deratores</strong></span> <span class='ocrx_word' id='word_1_142' title='bbox 684 2099 1003 2175; x_wconf 85' lang='lat' dir='ltr'><strong>appellatur</strong></span> <span class='ocrx_word' id='word_1_143' title='bbox 1055 2097 1124 2173; x_wconf 85' lang='lat'><strong>(1</strong></span> <span class='ocrx_word' id='word_1_144' title='bbox 1152 2097 1288 2159; x_wconf 87' lang='lat' dir='ltr'><strong>Chr.</strong></span> <span class='ocrx_word' id='word_1_145' title='bbox 1325 2101 1426 2173; x_wconf 86' lang='lat'><strong>15,</strong></span> <span class='ocrx_word' id='word_1_146' title='bbox 1462 2102 1513 2157; x_wconf 91' lang='lat'><strong>1.</strong></span> <span class='ocrx_word' id='word_1_147' title='bbox 1527 2098 1578 2173; x_wconf 89' lang='grc'><strong>).</strong></span> <span class='ocrx_word' id='word_1_148' title='bbox 1664 2097 1782 2158; x_wconf 79' lang='lat' dir='ltr'><strong>Sed</strong></span> <span class='ocrx_word' id='word_1_149' title='bbox 1828 2117 2004 2176; x_wconf 86' lang='lat' dir='ltr'><strong>quum</strong></span> <span class='ocrx_word' id='word_1_150' title='bbox 2036 2099 2108 2154; x_wconf 91' lang='lat' dir='ltr'><strong>in</strong></span> <span class='ocrx_word' id='word_1_151' title='bbox 2155 2100 2429 2156; x_wconf 79' lang='lat' dir='ltr'><strong>carminis</strong></span> <span class='ocrx_word' id='word_1_152' title='bbox 2471 2101 2569 2156; x_wconf 86' lang='lat' dir='ltr'><strong>in-</strong></span> 
     </span>
     <span class='ocr_line' id='line_1_17' title="bbox 308 2180 2567 2296; baseline 0.003 -30"><span class='ocrx_word' id='word_1_153' title='bbox 308 2180 321 2189; x_wconf 49' lang='grc'><strong><em>’</em></strong></span> <span class='ocrx_word' id='word_1_154' title='bbox 347 2212 664 2290; x_wconf 73' lang='lat' dir='ltr'><strong>scriptione</strong></span> <span class='ocrx_word' id='word_1_155' title='bbox 691 2214 911 2274; x_wconf 87' lang='lat' dir='ltr'><strong>Ethani</strong></span> <span class='ocrx_word' id='word_1_156' title='bbox 955 2215 1049 2277; x_wconf 86' lang='lat' dir='ltr'><strong>illi</strong></span> <span class='ocrx_word' id='word_1_157' title='bbox 1078 2234 1411 2296; x_wconf 74' lang='lat' dir='ltr'><strong>cognomen</strong></span> <span class='ocrx_word' id='word_1_158' title='bbox 1447 2212 1814 2276; x_wconf 66' lang='lat' dir='ltr'><strong>Esraeltitae</strong></span> <span class='ocrx_word' id='word_1_159' title='bbox 1855 2202 2106 2272; x_wconf 83' lang='lat' dir='ltr'><strong>inditum</strong></span> <span class='ocrx_word' id='word_1_160' title='bbox 2147 2215 2259 2288; x_wconf 86' lang='lat' dir='ltr'><strong>sit,</strong></span> <span class='ocrx_word' id='word_1_161' title='bbox 2297 2216 2405 2273; x_wconf 87' lang='lat' dir='ltr'><strong>alii</strong></span> <span class='ocrx_word' id='word_1_162' title='bbox 2436 2233 2567 2274; x_wconf 89' lang='lat' dir='ltr'><strong>eum</strong></span> 
     </span>
     <span class='ocr_line' id='line_1_18' title="bbox 349 2326 2628 2413; baseline 0.003 -27"><span class='ocrx_word' id='word_1_163' title='bbox 349 2326 639 2390; x_wconf 75' lang='lat' dir='ltr'><strong>diversum</strong></span> <span class='ocrx_word' id='word_1_164' title='bbox 670 2341 877 2409; x_wconf 86' lang='lat' dir='ltr'><strong>putant</strong></span> <span class='ocrx_word' id='word_1_165' title='bbox 903 2350 939 2389; x_wconf 91' lang='lat' dir='ltr'><strong>a</strong></span> <span class='ocrx_word' id='word_1_166' title='bbox 964 2330 1253 2393; x_wconf 83' lang='lat' dir='ltr'><strong>Davidie&#39;o</strong></span> <span class='ocrx_word' id='word_1_167' title='bbox 1285 2335 1408 2395; x_wconf 82' lang='lat' dir='ltr'><strong>illo.</strong></span> <span class='ocrx_word' id='word_1_168' title='bbox 1490 2332 1582 2392; x_wconf 89' lang='lat' dir='ltr'><strong>De</strong></span> <span class='ocrx_word' id='word_1_169' title='bbox 1625 2350 1742 2410; x_wconf 85' lang='lat' dir='ltr'><strong>quo</strong></span> <span class='ocrx_word' id='word_1_170' title='bbox 1781 2340 1976 2390; x_wconf 90' lang='lat' dir='ltr'><strong>tamen</strong></span> <span class='ocrx_word' id='word_1_171' title='bbox 2024 2335 2370 2413; x_wconf 81' lang='lat' dir='ltr'><strong>cognomine</strong></span> <span class='ocrx_word' id='word_1_172' title='bbox 2411 2335 2569 2393; x_wconf 83' lang='lat' dir='ltr'><strong>dixi·</strong></span> <span class='ocrx_word' id='word_1_173' title='bbox 2613 2342 2628 2349; x_wconf 77' lang='grc'><strong>“</strong></span> 
     </span>
     <span class='ocr_line' id='line_1_19' title="bbox 347 2446 2567 2539; baseline 0.004 -37"><span class='ocrx_word' id='word_1_174' title='bbox 347 2462 476 2539; x_wconf 65' lang='lat' dir='ltr'><strong>mus</strong></span> <span class='ocrx_word' id='word_1_175' title='bbox 508 2448 681 2507; x_wconf 83' lang='lat' dir='ltr'><strong>modo</strong></span> <span class='ocrx_word' id='word_1_176' title='bbox 726 2459 915 2508; x_wconf 86' lang='lat' dir='ltr'><strong>antea.</strong></span> <span class='ocrx_word' id='word_1_177' title='bbox 999 2447 1246 2512; x_wconf 87' lang='lat' dir='ltr'><strong>Videtur</strong></span> <span class='ocrx_word' id='word_1_178' title='bbox 1285 2470 1426 2510; x_wconf 84' lang='lat' dir='ltr'><strong>vero</strong></span> <span class='ocrx_word' id='word_1_179' title='bbox 1466 2461 1525 2510; x_wconf 88' lang='lat' dir='ltr'><strong>et</strong></span> <span class='ocrx_word' id='word_1_180' title='bbox 1565 2449 1677 2509; x_wconf 87' lang='lat' dir='ltr'><strong>hoc</strong></span> <span class='ocrx_word' id='word_1_181' title='bbox 1711 2467 1942 2508; x_wconf 89' lang='lat' dir='ltr'><strong>carmen</strong></span> <span class='ocrx_word' id='word_1_182' title='bbox 1969 2446 2343 2527; x_wconf 68' lang='lat' dir='ltr'><strong>Babylonicis</strong></span> <span class='ocrx_word' id='word_1_183' title='bbox 2373 2452 2567 2529; x_wconf 86' lang='lat' dir='ltr'><strong>potius</strong></span> 
     </span>
     <span class='ocr_line' id='line_1_20' title="bbox 349 2561 2566 2647; baseline 0.003 -27"><span class='ocrx_word' id='word_1_184' title='bbox 349 2578 521 2636; x_wconf 71' lang='lat' dir='ltr'><strong>quam</strong></span> <span class='ocrx_word' id='word_1_185' title='bbox 548 2561 854 2625; x_wconf 78' lang='lat' dir='ltr'><strong>Davidicis</strong></span> <span class='ocrx_word' id='word_1_186' title='bbox 889 2567 1242 2645; x_wconf 73' lang='lat' dir='ltr'><strong>temporibus</strong></span> <span class='ocrx_word' id='word_1_187' title='bbox 1275 2586 1620 2647; x_wconf 76' lang='lat' dir='ltr'><strong>congruere.</strong></span> <span class='ocrx_word' id='word_1_188' title='bbox 1705 2562 1761 2646; x_wconf 79' lang='lat' dir='ltr'><strong>e)</strong></span> <span class='ocrx_word' id='word_1_189' title='bbox 1798 2564 2092 2634; x_wconf 73' lang='lat' dir='ltr'><strong>Samuelis</strong></span> <span class='ocrx_word' id='word_1_190' title='bbox 2132 2584 2379 2646; x_wconf 82' lang='lat' dir='ltr'><strong>quoque,</strong></span> <span class='ocrx_word' id='word_1_191' title='bbox 2417 2570 2566 2626; x_wconf 86' lang='lat' dir='ltr'><strong>alio-</strong></span> 
     </span>
     <span class='ocr_line' id='line_1_21' title="bbox 348 2684 2567 2776; baseline 0.004 -42"><span class='ocrx_word' id='word_1_192' title='bbox 348 2694 591 2757; x_wconf 82' lang='lat' dir='ltr'><strong>rumque</strong></span> <span class='ocrx_word' id='word_1_193' title='bbox 637 2693 942 2755; x_wconf 85' lang='lat' dir='ltr'><strong>poetarum</strong></span> <span class='ocrx_word' id='word_1_194' title='bbox 991 2684 1063 2743; x_wconf 87' lang='lat' dir='ltr'><strong>ab</strong></span> <span class='ocrx_word' id='word_1_195' title='bbox 1117 2687 1245 2762; x_wconf 80' lang='lat' dir='ltr'><strong>ip‘so</strong></span> <span class='ocrx_word' id='word_1_196' title='bbox 1303 2686 1706 2776; x_wconf 76' lang='lat' dir='ltr'><strong>institutorum</strong></span> <span class='ocrx_word' id='word_1_197' title='bbox 1722 2724 1741 2759; x_wconf 90' lang='lat'>,</span> <span class='ocrx_word' id='word_1_198' title='bbox 1793 2687 2052 2744; x_wconf 86' lang='lat' dir='ltr'><strong>carmina</strong></span> <span class='ocrx_word' id='word_1_199' title='bbox 2098 2684 2236 2743; x_wconf 84' lang='lat' dir='ltr'><strong>huic</strong></span> <span class='ocrx_word' id='word_1_200' title='bbox 2283 2686 2567 2744; x_wconf 84' lang='lat' dir='ltr'><strong>volumini</strong></span> 
     </span>
     <span class='ocr_line' id='line_1_22' title="bbox 349 2797 2564 2879; baseline 0.003 -26"><span class='ocrx_word' id='word_1_201' title='bbox 349 2797 570 2873; x_wconf 80' lang='lat' dir='ltr'><strong>inesse,</strong></span> <span class='ocrx_word' id='word_1_202' title='bbox 627 2802 763 2869; x_wconf 81' lang='lat' dir='ltr'><strong>licet</strong></span> <span class='ocrx_word' id='word_1_203' title='bbox 807 2802 958 2868; x_wconf 84' lang='lat' dir='ltr'><strong>nulli</strong></span> <span class='ocrx_word' id='word_1_204' title='bbox 998 2803 1236 2862; x_wconf 88' lang='lat' dir='ltr'><strong>nomina</strong></span> <span class='ocrx_word' id='word_1_205' title='bbox 1280 2817 1483 2871; x_wconf 85' lang='lat' dir='ltr'><strong>eorum</strong></span> <span class='ocrx_word' id='word_1_206' title='bbox 1521 2811 1661 2860; x_wconf 87' lang='lat' dir='ltr'><strong>sunt</strong></span> <span class='ocrx_word' id='word_1_207' title='bbox 1699 2805 2088 2879; x_wconf 83' lang='lat' dir='ltr'><strong>praescripta,</strong></span> <span class='ocrx_word' id='word_1_208' title='bbox 2148 2800 2564 2861; x_wconf 62' lang='lat' dir='ltr'><strong>NacunoAm</strong></span> 
     </span>
     <span class='ocr_line' id='line_1_23' title="bbox 350 2915 2565 3001; baseline 0.003 -31"><span class='ocrx_word' id='word_1_209' title='bbox 350 2915 682 2989; x_wconf 79' lang='lat' dir='ltr'><strong>conjectura</strong></span> <span class='ocrx_word' id='word_1_210' title='bbox 719 2927 808 2976; x_wconf 86' lang='lat' dir='ltr'><strong>est</strong></span> <span class='ocrx_word' id='word_1_211' title='bbox 851 2919 1089 2984; x_wconf 88' lang='lat' dir='ltr'><strong>minime</strong></span> <span class='ocrx_word' id='word_1_212' title='bbox 1128 2920 1543 2996; x_wconf 86' lang='lat' dir='ltr'><strong>improbabilis.</strong></span> <span class='ocrx_word' id='word_1_213' title='bbox 1625 2917 1759 2978; x_wconf 78' lang='lat' dir='ltr'><strong>vid.</strong></span> <span class='ocrx_word' id='word_1_214' title='bbox 1803 2917 2157 3001; x_wconf 81' lang='lat' dir='ltr'><strong>Nachtigalii</strong></span> <span class='ocrx_word' id='word_1_215' title='bbox 2201 2916 2565 2976; x_wconf 89' lang='lat' dir='ltr'><strong>Psalmorum</strong></span> 
     </span>
    </p>
   </div>
   <div class='ocr_carea' id='block_1_3' title="bbox 226 3019 2565 3114">
    <p class='ocr_par' dir='ltr' id='par_1_3' title="bbox 226 3019 2565 3114">
     <span class='ocr_line' id='line_1_24' title="bbox 226 3019 2565 3114; baseline 0.003 -27"><span class='ocrx_word' id='word_1_216' title='bbox 226 3019 231 3026; x_wconf 48' lang='lat'>⁸</span> <span class='ocrx_word' id='word_1_217' title='bbox 347 3033 572 3088; x_wconf 83' lang='lat' dir='ltr'><strong>versio:</strong></span> <span class='ocrx_word' id='word_1_218' title='bbox 617 3029 886 3093; x_wconf 67' lang='lat' dir='ltr'><strong>Psalmon</strong></span> <span class='ocrx_word' id='word_1_219' title='bbox 926 3045 1228 3114; x_wconf 71' lang='lat' dir='ltr'><strong>gesungen</strong></span> <span class='ocrx_word' id='word_1_220' title='bbox 1275 3055 1385 3094; x_wconf 80' lang='lat' dir='ltr'><strong>vor</strong></span> <span class='ocrx_word' id='word_1_221' title='bbox 1426 3031 1584 3095; x_wconf 80' lang='lat' dir='ltr'><strong><em>Da‘v.</em></strong></span> <span class='ocrx_word' id='word_1_222' title='bbox 1632 3034 1978 3093; x_wconf 75' lang='lat' dir='ltr'><strong>Thronbeat.</strong></span> <span class='ocrx_word' id='word_1_223' title='bbox 1995 3075 2015 3108; x_wconf 83' lang='lat'>‚</span> <span class='ocrx_word' id='word_1_224' title='bbox 2075 3034 2167 3093; x_wconf 84' lang='lat' dir='ltr'><strong>od.</strong></span> <span class='ocrx_word' id='word_1_225' title='bbox 2213 3032 2278 3090; x_wconf 72' lang='lat' dir='ltr'><strong>in</strong></span> <span class='ocrx_word' id='word_1_226' title='bbox 2323 3031 2565 3094; x_wconf 76' lang='lat' dir='ltr'><strong>Beziek.</strong></span> 
     </span>
    </p>
   </div>
   <div class='ocr_carea' id='block_1_4' title="bbox 260 3133 2564 4405">
    <p class='ocr_par' dir='ltr' id='par_1_4' title="bbox 346 3133 2564 3349">
     <span class='ocr_line' id='line_1_25' title="bbox 348 3133 2564 3236; baseline -0.002 -22"><span class='ocrx_word' id='word_1_227' title='bbox 348 3141 474 3215; x_wconf 53' lang='lat' dir='ltr'><strong>auf</strong></span> <span class='ocrx_word' id='word_1_228' title='bbox 508 3146 669 3236; x_wconf 64' lang='lat' dir='ltr'><strong>⁸9²an</strong></span> <span class='ocrx_word' id='word_1_229' title='bbox 690 3148 960 3224; x_wconf 64' lang='lat' dir='ltr'><strong>frithere</strong></span> <span class='ocrx_word' id='word_1_230' title='bbox 998 3151 1486 3234; x_wconf 75' lang='lat' dir='ltr'><strong>Lebensperiode.</strong></span> <span class='ocrx_word' id='word_1_231' title='bbox 1527 3152 1660 3216; x_wconf 85' lang='lat' dir='ltr'><strong>Hal.</strong></span> <span class='ocrx_word' id='word_1_232' title='bbox 1693 3133 1873 3210; x_wconf 77' lang='lat'><strong>1797.</strong></span> <span class='ocrx_word' id='word_1_233' title='bbox 1911 3170 1971 3227; x_wconf 85' lang='lat' dir='ltr'><strong>p.</strong></span> <span class='ocrx_word' id='word_1_234' title='bbox 2004 3152 2108 3216; x_wconf 83' lang='lat'><strong>37.</strong></span> <span class='ocrx_word' id='word_1_235' title='bbox 2192 3149 2408 3208; x_wconf 87' lang='lat' dir='ltr'><strong>Verum</strong></span> <span class='ocrx_word' id='word_1_236' title='bbox 2441 3152 2564 3209; x_wconf 87' lang='lat' dir='ltr'><strong>sin-</strong></span> 
     </span>
     <span class='ocr_line' id='line_1_26' title="bbox 346 3262 2481 3349; baseline 0.003 -31"><span class='ocrx_word' id='word_1_237' title='bbox 346 3262 489 3342; x_wconf 79' lang='lat' dir='ltr'><strong>gula</strong></span> <span class='ocrx_word' id='word_1_238' title='bbox 526 3267 782 3326; x_wconf 82' lang='lat' dir='ltr'><strong>earmina</strong></span> <span class='ocrx_word' id='word_1_239' title='bbox 819 3269 1029 3345; x_wconf 83' lang='lat' dir='ltr'><strong>quibus</strong></span> <span class='ocrx_word' id='word_1_240' title='bbox 1071 3271 1194 3328; x_wconf 79' lang='lat' dir='ltr'><strong>sint</strong></span> <span class='ocrx_word' id='word_1_241' title='bbox 1239 3270 1617 3349; x_wconf 82' lang='lat' dir='ltr'><strong>assignanda,</strong></span> <span class='ocrx_word' id='word_1_242' title='bbox 1657 3268 1829 3330; x_wconf 81' lang='lat' dir='ltr'><strong>hodie</strong></span> <span class='ocrx_word' id='word_1_243' title='bbox 1871 3269 2092 3328; x_wconf 80' lang='lat' dir='ltr'><strong>frustra</strong></span> <span class='ocrx_word' id='word_1_244' title='bbox 2132 3269 2481 3345; x_wconf 73' lang='lat' dir='ltr'><strong>quaerimus.</strong></span> 
     </span>
    </p>

    <p class='ocr_par' dir='ltr' id='par_1_5' title="bbox 260 3363 2564 4168">
     <span class='ocr_line' id='line_1_27' title="bbox 516 3363 2563 3465; baseline 0 -21"><span class='ocrx_word' id='word_1_245' title='bbox 516 3363 586 3459; x_wconf 76' lang='grc'><strong>3,)</strong></span> <span class='ocrx_word' id='word_1_246' title='bbox 632 3381 729 3442; x_wconf 84' lang='lat' dir='ltr'><strong>Ex</strong></span> <span class='ocrx_word' id='word_1_247' title='bbox 778 3380 1169 3447; x_wconf 52' lang='lat' dir='ltr'><strong>salomonia-ie</strong></span> <span class='ocrx_word' id='word_1_248' title='bbox 1224 3389 1581 3464; x_wconf 77' lang='lat' dir='ltr'><strong>temporibus</strong></span> <span class='ocrx_word' id='word_1_249' title='bbox 1637 3390 1808 3465; x_wconf 83' lang='lat' dir='ltr'><strong>plura</strong></span> <span class='ocrx_word' id='word_1_250' title='bbox 1862 3387 2028 3445; x_wconf 89' lang='lat' dir='ltr'><strong>nobis</strong></span> <span class='ocrx_word' id='word_1_251' title='bbox 2080 3402 2376 3463; x_wconf 81' lang='lat' dir='ltr'><strong>superesse</strong></span> <span class='ocrx_word' id='word_1_252' title='bbox 2432 3402 2563 3446; x_wconf 81' lang='lat' dir='ltr'><strong>car-</strong></span> 
     </span>
     <span class='ocr_line' id='line_1_28' title="bbox 346 3494 2564 3581; baseline 0.004 -27"><span class='ocrx_word' id='word_1_253' title='bbox 346 3494 539 3570; x_wconf 87' lang='lat' dir='ltr'><strong>mina,</strong></span> <span class='ocrx_word' id='word_1_254' title='bbox 608 3500 713 3557; x_wconf 81' lang='lat' dir='ltr'><strong>vix</strong></span> <span class='ocrx_word' id='word_1_255' title='bbox 759 3509 882 3574; x_wconf 73' lang='lat' dir='ltr'><strong>est,</strong></span> <span class='ocrx_word' id='word_1_256' title='bbox 940 3503 1092 3580; x_wconf 84' lang='lat' dir='ltr'><strong>quod</strong></span> <span class='ocrx_word' id='word_1_257' title='bbox 1144 3504 1486 3580; x_wconf 76' lang='lat' dir='ltr'><strong>dubitemus·</strong></span> <span class='ocrx_word' id='word_1_258' title='bbox 1570 3504 1762 3581; x_wconf 83' lang='lat' dir='ltr'><strong>Atque</strong></span> <span class='ocrx_word' id='word_1_259' title='bbox 1818 3503 2099 3563; x_wconf 75' lang='lat' dir='ltr'><strong>Salomon</strong></span> <span class='ocrx_word' id='word_1_260' title='bbox 2160 3501 2390 3579; x_wconf 81' lang='lat' dir='ltr'><strong>quidem</strong></span> <span class='ocrx_word' id='word_1_261' title='bbox 2444 3503 2564 3579; x_wconf 81' lang='lat' dir='ltr'><strong>ipse</strong></span> 
     </span>
     <span class='ocr_line' id='line_1_29' title="bbox 349 3601 2563 3703; baseline 0.016 -37"><span class='ocrx_word' id='word_1_262' title='bbox 349 3607 514 3669; x_wconf 81' lang='grc'>5000</span> <span class='ocrx_word' id='word_1_263' title='bbox 559 3632 793 3674; x_wconf 86' lang='lat' dir='ltr'><strong>earmm.</strong></span> <span class='ocrx_word' id='word_1_264' title='bbox 842 3625 1234 3698; x_wconf 73' lang='lat' dir='ltr'><strong>composuisse</strong></span> <span class='ocrx_word' id='word_1_265' title='bbox 1276 3623 1460 3682; x_wconf 88' lang='lat' dir='ltr'><strong>fertur</strong></span> <span class='ocrx_word' id='word_1_266' title='bbox 1507 3601 1704 3703; x_wconf 71' lang='lat' dir='ltr'><strong>meg.</strong></span> <span class='ocrx_word' id='word_1_267' title='bbox 1731 3623 1806 3696; x_wconf 87' lang='lat'><strong>4,</strong></span> <span class='ocrx_word' id='word_1_268' title='bbox 1833 3623 1933 3682; x_wconf 83' lang='lat'><strong>32·</strong></span> <span class='ocrx_word' id='word_1_269' title='bbox 1978 3618 2085 3698; x_wconf 74' lang='lat'><strong>(⁸¹0</strong></span> <span class='ocrx_word' id='word_1_270' title='bbox 2117 3618 2178 3692; x_wconf 84' lang='lat'><strong>5,</strong></span> <span class='ocrx_word' id='word_1_271' title='bbox 2215 3614 2359 3699; x_wconf 76' lang='lat'><strong>¹2·)·</strong></span> <span class='ocrx_word' id='word_1_272' title='bbox 2450 3616 2563 3679; x_wconf 66' lang='lat' dir='ltr'><strong>sed</strong></span> 
     </span>
     <span class='ocr_line' id='line_1_30' title="bbox 260 3707 2563 3817; baseline 0.003 -32"><span class='ocrx_word' id='word_1_273' title='bbox 260 3783 274 3796; x_wconf 67' lang='grc'><strong>,</strong></span> <span class='ocrx_word' id='word_1_274' title='bbox 345 3725 518 3812; x_wconf 79' lang='lat' dir='ltr'><strong>hodie</strong></span> <span class='ocrx_word' id='word_1_275' title='bbox 557 3707 693 3807; x_wconf 28' lang='lat' dir='ltr'><strong>ejus·</strong></span> <span class='ocrx_word' id='word_1_276' title='bbox 714 3754 926 3795; x_wconf 84' lang='lat' dir='ltr'><strong>nomen</strong></span> <span class='ocrx_word' id='word_1_277' title='bbox 962 3740 1358 3801; x_wconf 86' lang='lat' dir='ltr'><strong>tantummodo</strong></span> <span class='ocrx_word' id='word_1_278' title='bbox 1403 3738 1530 3799; x_wconf 79' lang='lat' dir='ltr'><strong>Pss,</strong></span> <span class='ocrx_word' id='word_1_279' title='bbox 1567 3738 1667 3798; x_wconf 91' lang='grc'><strong>72.</strong></span> <span class='ocrx_word' id='word_1_280' title='bbox 1696 3747 1755 3796; x_wconf 88' lang='lat' dir='ltr'><strong>et</strong></span> <span class='ocrx_word' id='word_1_281' title='bbox 1787 3740 1933 3802; x_wconf 76' lang='lat'><strong>127,</strong></span> <span class='ocrx_word' id='word_1_282' title='bbox 1969 3738 2387 3814; x_wconf 83' lang='lat' dir='ltr'><strong>praescriptum</strong></span> <span class='ocrx_word' id='word_1_283' title='bbox 2417 3738 2563 3817; x_wconf 81' lang='lat' dir='ltr'><strong>legi-</strong></span> 
     </span>
     <span class='ocr_line' id='line_1_31' title="bbox 347 3845 2563 3939; baseline 0.004 -33"><span class='ocrx_word' id='word_1_284' title='bbox 347 3849 481 3919; x_wconf 76' lang='lat' dir='ltr'><strong>tiu‘,</strong></span> <span class='ocrx_word' id='word_1_285' title='bbox 544 3865 688 3927; x_wconf 82' lang='lat' dir='ltr'><strong>quae</strong></span> <span class='ocrx_word' id='word_1_286' title='bbox 733 3859 926 3912; x_wconf 87' lang='lat' dir='ltr'><strong>tamen</strong></span> <span class='ocrx_word' id='word_1_287' title='bbox 975 3873 1104 3917; x_wconf 90' lang='lat' dir='ltr'><strong>eum</strong></span> <span class='ocrx_word' id='word_1_288' title='bbox 1147 3860 1337 3939; x_wconf 81' lang='lat' dir='ltr'><strong>magis</strong></span> <span class='ocrx_word' id='word_1_289' title='bbox 1375 3865 1672 3936; x_wconf 86' lang='lat' dir='ltr'><strong>spectant,</strong></span> <span class='ocrx_word' id='word_1_290' title='bbox 1742 3845 2031 3933; x_wconf 64' lang='lat' dir='ltr'><strong>quamjab</strong></span> <span class='ocrx_word' id='word_1_291' title='bbox 2079 3854 2205 3931; x_wconf 83' lang='lat' dir='ltr'><strong>ipso</strong></span> <span class='ocrx_word' id='word_1_292' title='bbox 2251 3858 2563 3933; x_wconf 83' lang='lat' dir='ltr'><strong>composita</strong></span> 
     </span>
     <span class='ocr_line' id='line_1_32' title="bbox 345 3966 2563 4056; baseline 0.003 -33"><span class='ocrx_word' id='word_1_293' title='bbox 345 3979 469 4023; x_wconf 70' lang='lat' dir='ltr'><strong>csse</strong></span> <span class='ocrx_word' id='word_1_294' title='bbox 511 3966 799 4056; x_wconf 69' lang='lat' dir='ltr'><strong>videntur,</strong></span> <span class='ocrx_word' id='word_1_295' title='bbox 882 3970 973 4029; x_wconf 79' lang='lat' dir='ltr'><strong>Ad</strong></span> <span class='ocrx_word' id='word_1_296' title='bbox 1025 3972 1395 4033; x_wconf 86' lang='lat' dir='ltr'><strong>Salomonica</strong></span> <span class='ocrx_word' id='word_1_297' title='bbox 1451 3984 1712 4051; x_wconf 81' lang='lat' dir='ltr'><strong>tempora</strong></span> <span class='ocrx_word' id='word_1_298' title='bbox 1755 3979 2053 4048; x_wconf 84' lang='lat' dir='ltr'><strong>praeterea</strong></span> <span class='ocrx_word' id='word_1_299' title='bbox 2099 3970 2431 4032; x_wconf 82' lang='lat' dir='ltr'><strong>referendus</strong></span> <span class='ocrx_word' id='word_1_300' title='bbox 2477 3982 2563 4029; x_wconf 81' lang='lat' dir='ltr'><strong>est</strong></span> 
     </span>
     <span class='ocr_line' id='line_1_33' title="bbox 343 4077 2465 4177; baseline 0.002 -37"><span class='ocrx_word' id='word_1_301' title='bbox 343 4077 439 4140; x_wconf 66' lang='lat' dir='ltr'><strong>Pa.</strong></span> <span class='ocrx_word' id='word_1_302' title='bbox 471 4080 609 4139; x_wconf 83' lang='lat'><strong>132.</strong></span> <span class='ocrx_word' id='word_1_303' title='bbox 614 4088 779 4160; x_wconf 72' lang='lat' dir='ltr'><strong>,qui</strong></span> <span class='ocrx_word' id='word_1_304' title='bbox 799 4088 875 4146; x_wconf 88' lang='lat' dir='ltr'><strong>in</strong></span> <span class='ocrx_word' id='word_1_305' title='bbox 910 4093 1107 4168; x_wconf 86' lang='lat' dir='ltr'><strong>templi</strong></span> <span class='ocrx_word' id='word_1_306' title='bbox 1137 4091 1497 4160; x_wconf 82' lang='lat' dir='ltr'><strong>Salomonici</strong></span> <span class='ocrx_word' id='word_1_307' title='bbox 1527 4089 1963 4148; x_wconf 85' lang='lat' dir='ltr'><strong>consecratione</strong></span> <span class='ocrx_word' id='word_1_308' title='bbox 1994 4088 2334 4177; x_wconf 69' lang='lat' dir='ltr'><strong>decantatus</strong></span> <span class='ocrx_word' id='word_1_309' title='bbox 2356 4096 2465 4145; x_wconf 77' lang='lat' dir='ltr'><strong>est.</strong></span> 
     </span>
    </p>

    <p class='ocr_par' dir='ltr' id='par_1_6' title="bbox 348 4198 2561 4405">
     <span class='ocr_line' id='line_1_34' title="bbox 512 4198 2560 4285; baseline -0.003 -13"><span class='ocrx_word' id='word_1_310' title='bbox 512 4198 584 4272; x_wconf 82' lang='lat'><strong>4)</strong></span> <span class='ocrx_word' id='word_1_311' title='bbox 622 4198 718 4259; x_wconf 77' lang='lat' dir='ltr'><strong>Ex</strong></span> <span class='ocrx_word' id='word_1_312' title='bbox 750 4200 978 4281; x_wconf 75' lang='lat' dir='ltr'><strong>Regum</strong></span> <span class='ocrx_word' id='word_1_313' title='bbox 1015 4217 1229 4285; x_wconf 86' lang='lat' dir='ltr'><strong>autem,</strong></span> <span class='ocrx_word' id='word_1_314' title='bbox 1275 4211 1377 4285; x_wconf 86' lang='lat' dir='ltr'><strong>qui</strong></span> <span class='ocrx_word' id='word_1_315' title='bbox 1413 4204 1787 4266; x_wconf 84' lang='lat' dir='ltr'><strong>Salomonem</strong></span> <span class='ocrx_word' id='word_1_316' title='bbox 1825 4207 2058 4283; x_wconf 83' lang='lat' dir='ltr'><strong>sequuti</strong></span> <span class='ocrx_word' id='word_1_317' title='bbox 2092 4212 2229 4263; x_wconf 87' lang='lat' dir='ltr'><strong>sunt</strong></span> <span class='ocrx_word' id='word_1_318' title='bbox 2244 4245 2263 4278; x_wconf 91' lang='lat'>‚</span> <span class='ocrx_word' id='word_1_319' title='bbox 2308 4205 2560 4265; x_wconf 90' lang='lat' dir='ltr'><strong>omnium</strong></span> 
     </span>
     <span class='ocr_line' id='line_1_35' title="bbox 348 4289 2561 4405; baseline 0.005 -32"><span class='ocrx_word' id='word_1_320' title='bbox 348 4316 737 4394; x_wconf 80' lang='lat' dir='ltr'><strong>temporibus,</strong></span> <span class='ocrx_word' id='word_1_321' title='bbox 804 4339 926 4381; x_wconf 86' lang='lat' dir='ltr'><strong>non</strong></span> <span class='ocrx_word' id='word_1_322' title='bbox 969 4289 1197 4401; x_wconf 38' lang='lat' dir='ltr'><strong>reperio</strong></span> <span class='ocrx_word' id='word_1_323' title='bbox 1242 4342 1387 4403; x_wconf 81' lang='lat' dir='ltr'><strong>quos</strong></span> <span class='ocrx_word' id='word_1_324' title='bbox 1440 4326 1536 4383; x_wconf 86' lang='lat' dir='ltr'><strong>cui</strong></span> <span class='ocrx_word' id='word_1_325' title='bbox 1585 4322 1838 4384; x_wconf 84' lang='lat' dir='ltr'><strong>tribuam</strong></span> <span class='ocrx_word' id='word_1_326' title='bbox 1882 4330 2111 4402; x_wconf 76' lang='lat' dir='ltr'><strong>praeter</strong></span> <span class='ocrx_word' id='word_1_327' title='bbox 2156 4319 2561 4405; x_wconf 70' lang='lat' dir='ltr'><strong>Josaphatum,</strong></span> 
     </span>
    </p>
   </div>
  </div>
 </body>
</html>
