2807 4913
763 315 884 382 Pe.
927 276 1096 398 1421,-
1160 307 1468 387 14‚x15.-
1532 313 1658 379 Pe.
1705 309 1862 382 145.
2059 280 2064 291 ι
2237 274 2426 384 701

213 500 289 558 ad
319 506 601 557 armenta.
688 500 780 557 Ita
804 497 1259 556 Alexandrinus:
1305 489 1420 558 οὔκ
1457 494 1589 558 ἔστι
1622 490 1998 577 κατάπτωμαι
2029 502 2335 581 φραγμοῦ,
2370 511 2431 557 et
2527 568 2538 573 ,

196 587 539 685 ,vulg-atus·
612 602 726 641 non
784 593 881 641 est
933 584 1114 641 ruina
1167 582 1490 638 maceriae.
1574 581 1786 641 Aben-
1806 584 1960 642 Esra
1999 593 2322 664 rupturam
2365 587 2431 643 in

206 673 395 728 muris
438 670 671 727 urbium
710 650 840 726 1121.
886 676 1052 769 putat
1093 666 1454 745 significari,
1517 667 1588 724 de
1628 685 1744 743 qua
1785 688 1993 727 nomen
2036 681 2179 761 γἿιξ
2228 674 2256 729 l
2280 670 2428 749 Reg-

217 759 316 825 ll,
326 757 461 814 27.
535 752 654 810 Alii
696 755 760 811 in
801 755 1133 811 universum
1173 761 1449 826 rupturae
1483 754 1720 810 nomine
1757 733 2170 835 infortunium
2203 756 2429 813 intelli-

209 840 462 917 gendum
510 846 750 912 putant,
811 856 926 914 quo
976 837 1276 893 felicitatis
1316 836 1629 915 integritas
1673 840 1980 903 laceretur.
2067 818 2191 899 Alii
2235 841 2426 897 aliter.

209 924 335 983 Nos
379 923 604 999 quidem
646 942 773 981 cum
817 923 1025 980 Aben-
1039 920 1189 977 Esra
1232 925 1374 1008 γῆξ)
1416 921 1502 983 de
1525 925 1810 997 percussis
1854 924 2087 982 urbium
2127 925 2429 983 moenibus

211 1026 503 1065 censemus
551 999 1035 1086 intelligendum,
1081 1014 1142 1062 et
1181 997 1365 1061 verba
1402 1008 1602 1084 mugi*
1648 1019 1781 1092 vm
1827 1010 1920 1065 ita
1954 1008 2423 1085 interpretanda:

168 1150 171 1151 ι
205 1111 392 1169 mque
425 1093 627 1148 exiens
669 1095 747 1149 sit
774 1111 859 1153 sc.
889 1093 1013 1151 1250:
1054 1086 1311 1168 (saepius
1344 1072 1821 1163 subaudiendum,
1861 1101 1928 1148 ut
1957 1093 2170 1153 2Sam.
2199 1097 2296 1167 12,
2323 1095 2424 1152 39.

210 1176 302 1234 Ps.
330 1179 426 1248 16,
452 1171 544 1255 2.)
589 1177 789 1234 anima
827 1157 1016 1246 ulla,
1044 1176 1080 1230 i.
1112 1193 1161 1229 e.
1196 1191 1267 1228 ne
1298 1174 1378 1229 sit
1410 1176 1597 1246 ullus,
1639 1177 1741 1249 qui
1773 1186 1875 1237 aut
1900 1174 2099 1256 fugam
2130 1197 2426 1257 capessere

211 1271 478 1334 coactus,
541 1270 644 1317 aut
686 1262 951 1332 captivus
991 1259 1061 1317 ab
1105 1256 1369 1315 hostibus
1409 1258 1691 1316 abductus
1723 1279 1796 1317 ex
1828 1256 1969 1317 urbe
2001 1263 2246 1343 migret3
2307 1265 2423 1336 vel,

210 1349 416 1408 nenti*
463 1340 635 1402 sensu
670 1356 876 1401 neutro
912 1354 1177 1420 accepto·
1240 1341 1395 1398 nihil
1431 1352 1656 1415 exeat,
1690 1362 1773 1401 sc.
1808 1343 2097 1420 direptum
2135 1348 2204 1404 ab
2241 1346 2426 1405 hosti-

207 1433 355 1505 bus3
411 1433 504 1489 cui
532 1431 853 1486 sententiae
884 1432 1097 1505 optime
1129 1436 1466 1506 congruunt
1494 1430 1670 1486 verba
1702 1439 2023 1506 postrema·
2069 1440 2247 1520 ΠΠᾎΞζ
2283 1441 2425 1524 ΓΝἹ

211 1515 532 1604 affinhhff:
571 1522 633 1570 et
667 1513 857 1569 nullus
900 1515 1121 1571 clamor
1163 1529 1240 1567 sc.
1276 1512 1574 1570 luctuosus
1619 1515 1683 1570 in
1722 1514 1948 1592 plateis
1987 1498 2241 1573 nostris:
2301 1498 2423 1572 De-

210 1610 551 1676 precaturus
609 1599 793 1676 igitur
837 1599 972 1655 belli
1013 1597 1407 1668 calamitates,
1471 1600 1652 1674 petit,
1722 1617 1794 1657 ne
1837 1599 1998 1655 urbis
2038 1600 2111 1656 ab
2157 1598 2423 1660 hostibus

213 1693 581 1760 expugnatae
614 1684 766 1738 mala
796 1680 1073 1740 horrifica
1100 1682 1496 1756 experiantur,
1545 1702 1674 1740 cum
1705 1695 1893 1759 rupto
1912 1681 2071 1740 urbis
2107 1704 2309 1786 muro,
2365 1695 2424 1742 et

210 1770 398 1844 portis
441 1765 694 1823 effractis
738 1765 932 1824 hostes
977 1770 1039 1824 in
1081 1766 1281 1821 urbem
1328 1768 1579 1845 ingressi
1624 1770 1820 1825 omnia
1872 1768 2040 1825 caede
2091 1772 2426 1847 rapinisque

212 1851 520 1925 complent,
551 1851 891 1926 ululatuque
926 1860 984 1908 et
1013 1852 1269 1907 clamore
1299 1853 1495 1907 omnia
1525 1854 1861 1909 miscentur.
1916 1850 2037 1909 Alii
2063 1865 2197 1930 post
2224 1858 2424 1916 unm*

213 1936 569 1993 subaudiunt
609 1944 742 1995 »7³⁹5
790 1934 956 2014 (coll.
986 1935 1102 1995 Ιοι.
1128 1932 1233 2004 25,
1260 1936 1357 1992 32.
1410 1939 1557 1997 Ἥ·
1571 1933 1653 2014 »Ν
1701 1939 1831 1995 ’ἦεν-ἰ
1874 1939 2043 2015 ηΝζζἿ
2089 1936 2296 2027 Πξῆ),
2356 1946 2425 1994 ut

213 2039 446 2079 sensus
465 2021 577 2076 sit:
640 2022 875 2077 nullum
929 2023 1231 2078 exoriatur
1280 2021 1531 2094 malum,
1589 2000 2014 2077 infortunium.
2078 2005 2426 2100 Exemplum

116 2152 123 2155 ,
215 2106 417 2161 omissi
452 2104 706 2160 nominis
749 2114 886 2193 ἾξἾ
929 2102 1178 2162 afferunt
1210 2098 1338 2160 Job.
1364 2106 1430 2177 4,
1456 2102 1510 2159 5
1555 2106 1690 2162 coll.
1723 2107 1783 2177 2,
1814 2106 1909 2162 11.
1950 2104 2145 2179 Ez.⁷‚
2179 2110 2273 2165 10.
2347 2107 2427 2167 Et
2505 2119 2509 2123 “

211 2187 534 2247 Chaldaeus
567 2192 767 2269 ΠΝζζῆἾ
816 2204 920 2276 ΓΝ
959 2188 1212 2249 reddidit
1252 2207 1359 2247 nec
1401 2191 1608 2247 exitus
1649 2209 1697 2248 s.
1730 2190 2001 2266 prodiens
2034 2192 2115 2248 sit
2148 2191 2381 2250 malum.

389 2303 484 2362 15.
558 2305 610 2362 Ο
642 2306 872 2364 beatum
900 2307 1201 2385 populum,
1229 2309 1391 2381 cujus
1423 2294 1515 2367 res
1546 2327 1615 2365 eo
1648 2317 1804 2365 statu
1836 2303 2003 2366 sunt!
2070 2290 2255 2375 Quam
2282 2289 2441 2367 felix'

216 2400 305 2447 est
339 2408 406 2447 ea
441 2392 625 2463 natio,
661 2395 822 2467 cujus
851 2392 998 2452 Jova
1028 2390 1190 2450 Deus
1221 2390 1339 2451 est!
1392 2392 1503 2452 lue
1536 2394 1689 2453 enim
1719 2395 1876 2451 solus
1907 2393 2101 2451 omnia
2129 2393 2245 2488 ista
2269 2394 2425 2452 bona

204 2475 577 2552 suppeditare
619 2489 830 2551 potest.

1150 2668 1301 2729 rs
1330 2668 1477 2729 145.
1505 2649 1510 2654 ’

382 2767 648 2839 celebrat
683 2774 931 2859 gloriam
964 2793 1022 2843 et
1050 2790 1368 2875 potentiam
1392 2769 1540 2861 Dei,
1586 2803 1731 2862 quae
1762 2786 1827 2842 in
1859 2784 2127 2843 omnibus
2156 2783 2426 2861 operibus

216 2869 338 2946 ejus
364 2867 567 2938 elucet,
596 2867 742 2924 sed
725 2870 1006 2970 inprimis·
1019 2862 1458 2952 benignitatem,
1485 2891 1655 2949 quam
1682 2870 1917 2928 exhibet
1944 2871 2146 2951 generi
2170 2867 2423 2927 humano

152 2965 157 2970 ·
216 2954 523 3023 universo,
564 2961 625 3009 et
658 2953 927 3009 eximiam
955 2956 1071 3026 eis,
1115 2960 1214 3033 qui
1245 2959 1445 3015 colunt
1474 2978 1639 3031 eum,
1684 2967 1743 3013 et
1775 2955 1848 3013 ad
1882 2975 2012 3018 eum
2046 2954 2424 3034 confugiunt:

176 3093 179 3098 ,
216 3035 325 3093 hos
368 3043 692 3108 sustentat,
740 3035 880 3109 alit,
925 3042 1198 3114 exaudit,
1243 3052 1569 3101 conservat.
1658 3041 1894 3120 Singuji
1935 3039 2107 3115 hujus
2153 3041 2428 3096 carminis

194 3119 432 3177 'Versus
482 3122 676 3178 literis
715 3124 1065 3195 primoribus
1107 3127 1520 3184 elementorum
1564 3125 1983 3184 Hebraicorum
2029 3124 2292 3183 ordinem
2333 3140 2429 3180 re-

216 3214 624 3280 praesentant,
680 3216 748 3262 nt
781 3207 844 3262 in
874 3207 1113 3274 Psalmis
1146 3213 1275 3269 aliis
1307 3211 1573 3287 pluribus
1609 3211 1825 3269 factum
1856 3221 1975 3284 est,
2032 3210 2155 3269 vid.
2185 3209 2428 3287 Argum.

218 3288 317 3346 Ps.
343 3285 444 3344 25.
509 3289 578 3346 ln
610 3300 813 3348 nostro
843 3291 1071 3350 Psalmo
1104 3307 1295 3354 autem
1326 3296 1732 3353 desideratur·
1714 3313 1765 3351 1s
1800 3292 2032 3367 Versus,
2058 3295 2159 3370 qui
2191 3311 2226 3348 a
2256 3295 2429 3349 litera
2533 3298 2548 3314 ⁸

217 3370 355 3430 Nun
392 3381 519 3430 erat
549 3371 909 3451 incipiendus
940 3389 1073 3453 post
1098 3380 1194 3437 Vs.
1221 3383 1316 3437 13.
1378 3381 1690 3454 Exstitisse
1719 3380 1947 3456 quidem
1981 3380 2191 3454 aliquis
2222 3386 2429 3451 putare

220 3459 448 3531 possim
493 3456 735 3517 Versum
778 3455 956 3518 istum
999 3465 1062 3519 in
1097 3484 1165 3522 eo
1204 3465 1433 3537 codice,
1490 3483 1521 3520 e
1558 3483 1670 3539 qno
1709 3461 2136 3519 Alexandrinus
2171 3462 2429 3519 Graecus

219 3545 504 3617 interpres
550 3563 715 3601 suam
761 3546 1203 3606 translationem
1244 3550 1637 3606 concinnavit.
1725 3546 1875 3605 Nam
1917 3555 2050 3619 post
2091 3545 2189 3602 Vs.
2218 3547 2317 3602 33.
2363 3547 2428 3601 in

220 3627 617 3730 Alexandrina
660 3628 927 3685 versione
964 3628 1107 3689 haec
1152 3635 1464 3712 leguntur:
1538 3624 1757 3702 πιστὸς
1820 3625 1853 3691 ὅ
1869 3624 2135 3732 Κύριος
2183 3630 2251 3692 ἐν
2303 3636 2431 3700 τοῖς
2521 3627 2529 3633 ’

220 3703 430 3791 λόγους·
474 3707 691 3785 αὐτοῦ,
753 3710 854 3774 καὶ
893 3702 1064 3788 ὅσιος
1101 3716 1163 3778 ἐν
1205 3716 1360 3778 πᾶσι
1403 3726 1529 3789 τοῖς
1573 3719 1782 3801 ἔργοις
1812 3711 2021 3777 αὐτοῦ.
2105 3717 2265 3783 Quae
2306 3716 2433 3789 ipsa

223 3806 283 3853 et
311 3798 374 3853 in
403 3794 670 3854 Latinam
699 3797 1026 3876 Vulgatam,
1071 3801 1394 3879 Syriacam,
1427 3804 1745 3875 Arabicam,
1785 3812 1844 3859 et
1872 3798 2265 3875 Aethiopicam
2296 3816 2434 3855 vcr-

226 3882 446 3937 sionem
490 3886 774 3941 translata
816 3893 968 3940 sunt.
1054 3885 1170 3944 Sed
1222 3887 1597 3945 manifestum
1647 3896 1768 3958 est,
1842 3889 1957 3944 ista
2013 3885 2134 3941 levi
2188 3882 2430 3938 duarum
2497 3947 2508 3960 χ

226 3968 625 4026 tantummodo
659 3964 976 4026 dictionum
1009 3974 1350 4043 mutatione,
1393 3982 1451 4028 et
1487 3973 1675 4048 prima
1713 3974 1777 4027 in
1807 3970 2125 4028 subsidium
2161 3984 2233 4023 ex
2262 3962 2435 4021 Deut.

229 4048 294 4117 7,
326 4048 383 4103 9.
423 4054 729 4126 arcessita,
798 4054 1025 4128 penitus
1074 4074 1148 4112 ex
1193 4053 1288 4113 Vs.
1322 4059 1418 4114 17.
1470 4056 1642 4132 hujus
1689 4056 1870 4131 ipsius
1919 4054 2131 4111 Psalmi
2178 4051 2438 4107 desumta

228 4148 390 4203 esse,
454 4144 510 4191 et
551 4125 813 4195 hebraice
856 4140 943 4194 ita
990 4151 1298 4197 sonarent·
1367 4152 1557 4202 ἾἿΒΠΊ
1620 4133 2003 4204 7³⁵³:221-b23
2067 4138 2224 4225 2727*
2280 4145 2436 4223 ’17383

235 4218 492 4300 33Ψ577ξ·
508 4215 652 4307 ²0:23..
739 4223 921 4280 Obelo
950 4224 1191 4299 proinde
1220 4207 1529 4283 Graecum
1543 4206 1716 4284 illum
1697 4205 1997 4281 Versum
2017 4198 2226 4280 merito
2262 4229 2435 4274 nota-

228 4280 330 4356 vit
348 4277 639 4360 Scholion
669 4305 955 4364 Graecum
986 4308 1203 4364 codicis
1234 4308 1536 4382 Vaticani,
1580 4328 1684 4367 nec
1711 4328 1841 4370 eum
1874 4309 2118 4386 agnovit
2143 4304 2435 4378 Hierony-

226 4401 380 4457 mus,
419 4404 525 4444 nec
554 4388 784 4466 Aquila,
825 4410 931 4451 nec
960 4391 1350 4470 Theodotion,
1390 4413 1499 4454 nec
1527 4393 1886 4471 Chaldaeus,
1925 4412 2032 4456 nec
2053 4384 2440 4456 Masorethaea

248 4593 307 4658 Ο
