2807 4913
426 317 578 409 640
1087 321 1209 387 Pe.
1254 331 1419 403 127,
1473 313 1537 378 5.
1646 316 1771 385 Pe.
1819 314 1984 387 ηδ.

431 528 545 588 qua
574 508 894 568 educantur
923 516 984 564 et
1011 506 1393 564 adservantur
1421 498 1605 559 donec
1635 500 1827 583 emitti
1853 511 2086 580 queant.
2165 500 2365 579 Inepte
2391 504 2656 562 Alexan-

430 592 900 670 drinusflneuirg
935 590 1282 666 ἐπιθυμίαν
1322 584 1520 646 αὐτοῦ
1573 585 1846 643 reddidit.
1924 584 2242 665 ἕνα-533·ἅὸ
2280 586 2415 646 Non
2449 590 2656 668 pude-

413 680 611 754 fient,
660 660 795 737 non'
816 660 896 732 'ad
933 686 1245 751 utrosque,
1295 666 1562 749 parentes
1603 679 1664 726 et
1694 669 1947 743 liberos,
2008 670 2110 728 sed
2139 671 2212 729 ad
2241 672 2460 730 liberos
2492 675 2658 732 solos

428 763 795 824 referendum
838 770 962 834 est,
1034 777 1180 836 quos
1226 775 1346 815 non
1394 755 1711 813 frustretur
1754 765 1998 813 conatus
2050 758 2346 831 ipsorum,
2411 757 2656 835 quando

427 851 731 927 negotium
774 846 858 903 eis
899 846 1015 904 erit
1060 862 1189 901 cum
1236 841 1536 911 hostibus,
1592 846 1661 896 ut
1705 841 1986 913 sequitur.
2075 840 2262 897 Verba
2302 851 2657 903 manv-’2³

429 933 616 996 'wa-52
676 930 1057 992 0³:³3N·nt0³
1112 927 1297 1006 vulgo
1338 921 1861 982 sictransferunt:
1923 942 2095 1000 quum
2149 904 2662 1001 loquentaii'cuni
2751 926 2752 933 ’

429 999 685 1075 invni-cis
725 999 787 1072 in
807 995 1060 1092 ‘portaf
1081 1014 1122 1069 i.
1151 1032 1202 1070 e.
1236 1014 1301 1069 in
1332 1008 1749 1083 disceptatione
1779 1005 2019 1081 forensi,
2061 1007 2215 1087 quod
2240 1011 2471 1083 iudicia
2499 1009 2660 1087 apud
2743 978 2752 1077 l

430 1111 656 1161 veteres
693 1102 758 1158 in
789 1098 1000 1177 portis
1043 1096 1302 1155 exerceri
1334 1094 1623 1163 solebant,
1661 1102 1731 1148 ut
1758 1111 1958 1165 sensus
1989 1096 2069 1152 sit
2097 1094 2224 1151 hic:
2270 1094 2662 1153 defendentur
2745 1112 2752 1175 ff

310 1192 328 1219 ‘
430 1206 470 1245 a
511 1187 668 1243 natis
711 1185 834 1241 suis
880 1192 1147 1255 parentes
1187 1184 1251 1238 in
1287 1179 1525 1249 litibus,
1595 1194 1773 1251 quum
1816 1179 1931 1234 erit
1978 1180 2098 1249 illis
2149 1180 2218 1238 dc
2266 1176 2497 1238 honore
2553 1188 2659 1237 aut

431 1272 618 1348 capite
660 1268 1093 1343 disceptandum
1128 1269 1194 1324 in
1231 1264 1400 1336 foro,
1456 1262 1641 1339 patris
1682 1279 1913 1320 causam
1961 1273 2194 1322 strenue
2232 1272 2411 1339 agent
2453 1262 2656 1321 liberi.

429 1355 534 1415 sic
578 1360 636 1412 et
678 1350 1036 1410 Chaldaeus:
1096 1369 1271 1429 quum
1320 1344 1736 1405 contenderint
1792 1345 1857 1403 in
1901 1357 2101 1425 porta
2149 1350 2354 1406 domus
2391 1345 2654 1419 judicii.

430 1440 651 1500 Sensus
685 1449 825 1495 vero
865 1438 1050 1494 multo
1088 1437 1281 1511 aptior
1315 1433 1550 1509 prodit,
1611 1432 1664 1487 si
1705 1430 1940 1489 verbum
1989 1442 2119 1511 53³!
2161 1432 2220 1493 h.
2252 1435 2293 1490 l.
2327 1433 2654 1511 perdendi,

428 1521 840 1595 interficiendi
891 1520 1226 1599 significatu
1271 1518 1522 1592 accipias
1579 1513 1725 1595 (vid.
1769 1523 1892 1572 not.
1933 1513 2008 1572 ad
2049 1517 2147 1575 Ps.
2186 1520 2283 1589 18,
2308 1512 2472 1593 480).
2562 1517 2652 1576 lta

430 1610 618 1688 igitur
646 1605 823 1665 verba
852 1618 1055 1662 nostra
1087 1613 1227 1661 sunt
1253 1601 1562 1660 vertenda:
1607 1597 1716 1655 sed
1743 1599 2049 1677 periment
2092 1600 2293 1660 hostes
2330 1603 2391 1658 in
2428 1612 2652 1680 porta,

432 1712 480 1750 s.
522 1694 585 1748 in
619 1690 865 1769 portis,
924 1706 1069 1763 quae
1102 1689 1230 1745 ideo
1265 1694 1822 1756 commemorantur,
1868 1685 2024 1761 quod
2057 1685 2131 1743 ad
2164 1693 2361 1762 portas
2389 1688 2650 1763 pugnari

427 1778 736 1854 plurimum
769 1784 828 1831 et
854 1773 1339 1850 periculosissime
1372 1770 1540 1826 solet.
1614 1768 1805 1844 Atque
1841 1774 2364 1846 propugnationem
2398 1790 2511 1846 pro
2545 1789 2652 1844 pa-

408 1862 548 1920 'tria
573 1856 1070 1917 adversushostes
1097 1856 1194 1913 hic
1224 1852 1667 1932 intelligendam
1695 1870 1853 1925 esse,
1893 1851 2096 1912 suadet
2124 1857 2298 1912 etiam
2326 1856 2650 1933 allegoriae

428 1946 619 2015 ratio,
671 1961 849 2018 quum
890 1940 1004 1997 filii
1044 1959 1175 1999 cum
1211 1938 1468 2015 sagittis
1506 1945 1945 2012 comparentur,
2002 1956 2149 2014 quae
2194 1950 2325 2014 apte
2366 1940 2649 1996 dicuntur

426 2028 627 2087 hostes
656 2025 1001 2083 interficere.
1083 2026 1206 2084 Nec
1234 2023 1446 2092 obstat,
1486 2021 1640 2095 quod
1671 2020 1908 2080 verbum
1941 2034 2090 2084 πων
2118 2024 2457 2100 praecessit,
2491 2022 2649 2098 quod

426 2113 678 2185 fortasse
706 2111 899 2167 minus
929 2120 1125 2185 aptum
1152 2107 1410 2185 'sagittis
1446 2105 1636 2162 dicere
1666 2105 1877 2181 aliquis
1909 2108 2131 2182 possit,
2171 2125 2349 2182 quum
2392 2115 2456 2164 et
2492 2107 2648 2164 alias

428 2198 668 2274 propria
707 2214 839 2252 cum
877 2196 1122 2267 tropicis
1163 2211 1267 2267 per
1307 2178 1673 2270 κατάχρησιν
1714 2191 1948 2248 misceri
1991 2191 2324 2258 videamus3
2390 2189 2474 2247 cf.
2516 2210 2567 2247 e.
2600 2210 2648 2247 c.

426 2291 551 2338 not.
591 2280 666 2338 ad
710 2278 812 2351 68,
842 2280 942 2337 31.
1026 2277 1156 2336 Hoc
1195 2283 1392 2334 autem
1433 2275 1666 2332 videtur
1709 2273 1897 2332 dicere
1939 2275 2201 2334 voluisse
2240 2285 2439 2332 vates:
2503 2292 2652 2350 quos

397 2363 587 2423 'Deus
635 2365 736 2422 dat
786 2370 847 2420 et
898 2372 1168 2438 procreat
1219 2357 1294 2417 ad
1344 2356 1827 2438 'propugnandum
1881 2358 2163 2433 idoneos,
2232 2377 2333 2416 eos
2391 2356 2654 2441 feliciter

425 2466 790 2526 propugnare
843 2466 950 2524 pro
1006 2448 1220 2525 patria.
1313 2444 1496 2513 Quasi
1542 2443 1733 2501 dicat:
1802 2441 1961 2502 Deus
2007 2442 2108 2503 dat
2152 2453 2652 2523 propugnatores,

425 2552 547 2591 non
592 2534 822 2592 civitas.
1568 2554 1573 2560 ·
1875 2539 1880 2544 ’

1385 2714 1435 2772 Ρ
1450 2732 1502 2775 s.
1551 2715 1688 2773 128.

596 2830 803 2904 Docet,
831 2833 895 2889 in
922 2849 1145 2889 summa
1170 2834 1547 2908 prosperitate
1574 2833 1756 2889 vitam
1783 2839 2069 2905 acturum,
2097 2831 2423 2908 quicunque
2449 2828 2656 2890 Deum

427 2927 664 2975 veretur
711 2924 769 2972 et
813 2918 991 2989 colit3
1051 2917 1226 2973 talem
1271 2915 1562 2974 hominem
1603 2914 1819 2973 frustra
1859 2916 2259 2974 laboraturum
2305 2936 2656 2993 numquam,

427 3004 547 3058 imo
598 3000 742 3058 bene
792 3002 1156 3076 suaviterque
1206 3002 1539 3072 victurum,
1609 3002 1775 3076 eique
1829 2998 2214 3060 abundantem
2260 3000 2466 3058 liberis
2519 3000 2654 3059 fore

427 3085 728 3142 familiam.
802 3083 1046 3142 Carmen
1074 3083 1446 3143 concluditur
1471 3092 1638 3158 voto,
1683 3095 1749 3142 ut
1780 3085 1872 3142 vir
1898 3087 2028 3161 pius
2058 3103 2093 3142 a
2127 3083 2251 3143 Deo
2282 3075 2656 3157 fortunetur,

423 3163 760 3245 fruaturque
787 3178 1061 3246 perpetua
1091 3171 1545 3246 tranquillitate,
1573 3175 1632 3226 et
1659 3171 1896 3249 longam
1925 3170 2240 3229 liberorum
2268 3188 2337 3228 ac
2363 3182 2659 3246 nepotum

428 3256 634 3311 seriem
675 3255 1015 3331 conspiciat·
1343 3257 1347 3261 ’

592 3369 786 3443 Patet,
815 3369 969 3427 hunc
994 3369 1283 3429 Psalmum
1312 3368 1528 3428 factum
1555 3387 1678 3427 esse
1706 3370 1780 3428 ad
1805 3369 2191 3436 imitationem
2218 3372 2662 3447 praecedentis,

430 3472 597 3530 quem
626 3457 880 3531 explicat
909 3462 969 3512 et
999 3454 1320 3512 confirmat.
1406 3453 1582 3526 Sunt,
1626 3455 1729 3531 qui
1762 3472 1892 3512 eum
1920 3454 2226 3513 formulam
2254 3473 2381 3524 esse
2411 3468 2662 3532 putent,

429 3556 543 3615 qua
584 3539 727 3597 bene
767 3541 993 3616 precari
1031 3539 1371 3618 conjugibus
1414 3540 1584 3597 novis
1624 3541 1895 3596 solerent.
1979 3536 2070 3597 De
2111 3549 2365 3615 tempore
2405 3560 2562 3599 vero
2598 3552 2664 3598 et

427 3624 765 3697 occasione,
816 3624 1025 3700 quibus
1059 3625 1278 3699 primus
1316 3625 1395 3679 sit
1422 3621 1645 3695 factus,
1704 3622 1934 3680 definiri
1962 3622 2113 3680 nihil
2149 3621 2361 3697 potest.
2445 3624 2662 3683 Rebus

426 3717 617 3766 autem
653 3702 1006 3765 Iudaeorum
1048 3725 1122 3764 ex
1161 3706 1456 3784 Babylone
1492 3725 1693 3765 recens
1732 3725 2097 3765 reversorum
2141 3707 2664 3768 accommodatum

429 3810 586 3863 esse,
628 3793 897 3850 credibile
935 3791 1076 3849 facit
1106 3788 1245 3861 hoc,
1265 3790 1446 3867 -quod
1482 3790 1618 3849 huic
1647 3792 1759 3867 ipsi
1792 3793 2109 3850 carminum
2140 3793 2344 3849 talium
2378 3794 2661 3867 plurium
2747 3841 2748 3854 ,

423 3875 702 3933 fasciculo
736 3867 986 3933 insertus
1020 3884 1126 3931 est.
1214 3874 1384 3942 Quod
1415 3878 1602 3950 ipsum
1631 3872 1831 3932 forsan
1862 3874 1973 3933 hoc
2001 3876 2247 3933 consilio
2274 3875 2506 3934 factum
2540 3889 2659 3950 est,

421 3969 492 4015 ut
531 3970 730 4018 vatum
776 3960 1080 4037 praesagia
1131 3956 1210 4035 (e.
1253 3978 1304 4018 c.
1351 3959 1531 4016 Zach.
1564 3961 1637 4032 8,
1666 3961 1727 4016 4.
1762 3956 1819 4020 5.
1873 3957 2078 4018 Jerem.
2110 3961 2214 4032 3⁰,
2250 3960 2346 4016 19.
2382 3962 2541 4036 20.)
2588 3961 2664 4019 de
2747 3991 2748 3996 κ

422 4060 609 4101 novae
650 4044 1004 4117 reipublicae
1046 4045 1373 4119 civiumque
1420 4046 1541 4117 ejus
1587 4046 1978 4115 incremento,
2049 4046 2215 4121 quasi
2252 4045 2317 4100 in
2360 4064 2662 4122 compen-
2747 4083 2748 4112 1

316 4137 325 4144 “
424 4125 583 4183 dium
615 4129 847 4185 redacta
882 4126 1214 4201 exhiberet,
1257 4137 1430 4203 atque
1460 4129 1547 4184 sic
1577 4127 1781 4201 dejecti
1809 4129 1995 4186 animi
2021 4146 2252 4200 eorum,
2302 4130 2404 4205 qui
2441 4133 2659 4188 tenui·
2747 4137 2748 4152 ¹

420 4209 526 4266 bus
555 4229 749 4270 rerum
780 4230 1016 4270 suarum
1045 4213 1233 4270 initiis
1262 4210 1627 4284 diffidebant,
1676 4209 1749 4268 ad
1783 4231 1941 4287 spem
1968 4212 2275 4269 meliorum
2306 4222 2663 4291 temporum

420 4294 818 4438 erigprentur,
871 4297 1380 4373 excitarenturque
1423 4295 1496 4354 ad
1538 4305 1839 4356 commune
1877 4295 2093 4354 bonum
2128 4295 2363 4355 fortiter
2398 4317 2661 4375 promo·
2747 4375 2748 4380 η

418 4396 529 4435 ven
573 4396 688 4438 um.
2747 4393 2748 4402 ἵ
