2807 4913
1175 219 1462 381 Pasa,
1516 299 1581 368 α.
2083 270 2090 286 ·
2199 286 2207 294 ·
2336 279 2481 354 341

263 451 518 543 oblatis,
579 473 728 533 qnae
767 455 916 516 nibil
955 457 1175 521 habent
1216 471 1451 538 praeter
1488 464 1722 528 inanem
1760 483 2046 542 pompam,
2125 468 2297 540 Quod
2335 468 2480 528 dicit

261 548 433 596 vates
462 534 650 629 952?
679 539 882 620 5⁷:⁸³5,
924 542 1079 602 idem
1109 548 1386 622 geminat,
1430 565 1571 606 nam
1594 546 2023 627 holocaustum,
2054 548 2244 627 nb'w,
2286 555 2477 629 ipsum

254 634 398 718 ‘erat
436 619 594 711 §³¹22
617 610 951 705 integrum,
992 628 1048 689 h.
1079 650 1131 689 e.
1160 641 1343 689 totum
1374 633 1758 707 cremabatur,
1799 635 1876 694 cf.
1907 646 2034 696 not.
2067 614 2144 696 ad
2173 636 2266 695 Ps.
2292 635 2396 708 50,
2416 637 2482 694 9.

280 718 376 771 υτ
414 704 553 796 ὺξζ·
600 723 675 798 ng
713 711 882 771 Tunc
913 714 1214 793 imponent
1256 714 1635 794 (sacerdotes,
1680 736 1853 796 quam
1882 738 2082 779 vocem
2108 721 2276 778 addit
2300 719 2478 798 Chal·-

257 791 472 874 daeus)
512 794 702 854 altari
733 805 837 855 tuo
868 796 1060 858 bom.
1123 798 1213 858 De
1241 803 1477 861 nomine
1503 811 1597 891 ττι,
1624 804 1745 864 vid.
1772 813 1900 868 not.
1921 805 2001 868 ad
2027 804 2125 864 Pa.
2156 806 2377 879 2213.
2454 839 2460 848 ,

1223 986 1342 1047 ra.
1399 950 1503 1050 ss.

430 1099 734 1161 Invehitur
764 1105 827 1162 in
859 1100 1151 1163 hominem
1179 1106 1549 1182 sceleratum,
1579 1109 1682 1185 qui
1706 1107 1904 1170 dolose
1933 1112 2086 1171 fictis
2117 1112 2472 1170 carmInibus

255 1187 605 1245 innocentes
638 1186 899 1247 homines
934 1189 1148 1248 detulit
1179 1190 1573 1268 perdiditque,
1619 1195 1818 1272 illique
1847 1199 2089 1254 exitium
2125 1199 2466 1271 denunciat;

255 1273 435 1329 simul
466 1282 658 1330 autem
694 1275 1183 1349 comparationem
1210 1275 1471 1332 instituit
1502 1278 1657 1337 inter
1684 1280 1879 1342 studia
1911 1290 1970 1338 et
1997 1300 2221 1354 mores,
2273 1300 2366 1337 res
2407 1292 2465 1339 et

252 1373 409 1432 spes,
446 1359 677 1432 piorum
709 1368 884 1435 atque
913 1360 1245 1431 impiorum,
1283 1356 1389 1415 hos
1420 1366 1705 1437 potentia,
1748 1374 1807 1421 et
1837 1366 2117 1426 violentia
2146 1376 2203 1425 et
2236 1366 2463 1445 opibus,

253 1443 674 1518 praesidiisque
704 1442 993 1518 humani&
1040 1444 1174 1504 illos
1203 1444 1330 1502 solo
1356 1443 1485 1504 Deo
1515 1449 1629 1510 niti
1657 1468 1727 1508 ac
1756 1447 1948 1511 fidere.
2502 1452 2508 1458 ”

433 1526 744 1603 Inscriptio
785 1525 1065 1602 hebraea,
1125 1528 1223 1588 Vs.
1256 1528 1317 1587 2.
1363 1533 1760 1606 praescripta,
1824 1533 2111 1596 nefarium
2146 1531 2462 1605 hominem,

252 1612 359 1691 qui
389 1612 500 1670 hoc
529 1610 760 1670 Psalmo
792 1611 1230 1692 perstringitur,
1268 1613 1530 1689 perhibet
1557 1635 1679 1676 esse
1711 1616 2017 1698 Doegum,
2056 1620 2156 1694 qui
2189 1616 2462 1675 efferebat

252 1716 351 1769 se,
393 1708 451 1754 et
481 1701 643 1773 quasi
680 1696 1105 1771 triumphabat,
1148 1697 1303 1773 quod
1332 1698 1686 1771 prodidisset
1718 1713 1890 1780 atque
1921 1704 2171 1760 interfici
2203 1711 2464 1760 curasset

249 1782 583 1841 sacerdotes
622 1786 758 1842 illos
800 1792 929 1840 octo
977 1783 1440 1861 quinquaginta,
1506 1787 1607 1862 qui
1658 1788 2010 1864 recepissent
2057 1786 2339 1848 Davidem
2395 1789 2458 1843 in

248 1867 429 1947 fuga,
493 1868 563 1924 de
604 1887 719 1945 quo
759 1870 927 1943 plura
969 1869 1045 1925 ad
1084 1868 1178 1925 vs.
1213 1870 1273 1926 2.
1363 1868 1486 1926 Nec
1526 1872 1895 1948 inscriptioni
1938 1870 2257 1944 hebraeae,
2312 1886 2460 1950 quae

245 1953 617 2029 antiquitatis
649 1954 1055 2012 auctoritatem
1085 1952 1287 2025 habet,
1341 1953 1484 2011 fides
1518 1955 1854 2035 deneganda
1881 1956 2130 2014 videtur.
2214 1955 2327 2013 Per
2361 1966 2459 2014 to-

244 2046 371 2095 tum
397 2040 554 2095 enim
587 2037 877 2099 Psalmum
904 2039 1197 2113 improbus
1232 2036 1581 2096 describitur
1611 2041 1770 2113 talis,
1811 2043 1908 2118 qui
1945 2039 2267 2113 deferendo
2308 2043 2458 2098 alios

244 2141 473 2199 pessum
502 2123 683 2194 dedit,
716 2124 870 2201 quod
897 2125 1130 2202 egregie
1157 2125 1430 2197 competit
1456 2122 1686 2203 Doiigo,
1718 2127 1817 2200 qui
1850 2127 1966 2181 nisi
1993 2124 2455 2190 Achimelechum
2500 2169 2503 2176 a

243 2207 548 2264 detulisset
578 2208 651 2266 ad
684 2208 956 2282 Saulum,
1002 2208 1062 2270 is
1086 2226 1190 2264 nec
1227 2206 1518 2267 trucidare
1552 2208 1879 2283 pontificem
1909 2210 2196 2283 jussisset.
2265 2209 2454 2285 Atque

129 2321 134 2326 ›
241 2288 358 2350 hoc
386 2293 612 2365 ipsum,
652 2294 803 2370 quod
842 2294 1132 2352 accusatio
1160 2310 1199 2354 a
1220 2288 1434 2370 Doe‘go.
1458 2291 1647 2364 facta,
1689 2296 1865 2356 unica
1893 2305 2044 2362 esset
2074 2311 2277 2350 caussa
2308 2293 2454 2350 hor-

241 2376 461 2435 rendae
500 2377 664 2434 illius
706 2379 932 2451 caedis,
986 2376 1274 2455 permovit
1312 2374 1469 2434 haud
1514 2376 1686 2434 dubie
1730 2376 2005 2435 hebraeae
2048 2379 2451 2453 inscriptionis

241 2473 575 2536 auctorem,
619 2465 789 2522 talem
831 2466 988 2522 illam
1028 2465 1256 2537 facere,
1300 2463 1525 2541 qualem
1558 2480 1685 2521 eam
1722 2465 2004 2544 legimus,
2048 2481 2236 2547 neque
2264 2465 2448 2542 igitur

242 2559 370 2620 est,
412 2567 518 2605 cur
551 2549 710 2607 illam
749 2551 1162 2626 vituperemus.
2305 2567 2308 2570 ·

412 2667 475 2723 2.
536 2664 729 2736 Quum
765 2668 1027 2725 venisset
1058 2664 1251 2744 Doeg,
1297 2663 1639 2740 Idumaeas,
1676 2664 1766 2725 ad*
1786 2663 2049 2740 saulum,
2091 2665 2276 2744 eique
2297 2684 2448 2724 nun-

237 2747 489 2821 ciasset,
522 2752 751 2810 venisse
775 2751 1076 2817 Davidem
1096 2752 1178 2811 ad
1205 2753 1432 2812 domum
1458 2748 1844 2810 Achemeleclz.
1917 2750 2185 2809 Historia
2216 2752 2449 2826 copiose

238 2834 592 2893 describitur
631 2839 656 2893 l
681 2836 837 2895 Sam.
865 2838 971 2893 21.
1004 2851 1062 2895 et
1089 2839 1190 2895 22.
1264 2835 1484 2909 David,
1510 2836 1679 2895 Sauli
1707 2838 1825 2896 vim
1856 2836 2112 2916 fugiens,
2150 2838 2214 2893 in
2242 2837 2441 2895 urbem

236 2915 479 2992 Noben,
524 2921 597 2977 ad
632 2919 1129 2993 Achimelechum,
1171 2922 1539 2999 pontificem,
1580 2939 1642 2979 se
1674 2923 1924 2998 recepit,
1966 2923 2067 2998 qui
2104 2936 2231 2978 eum
2264 2922 2443 2977 armis

236 3013 298 3062 et
330 3014 647 3063 commeatu
684 3008 1000 3080 instruxit,
1033 3011 1274 3086 ignarus
1307 3007 1784 3078 inimicitiarum,
1826 3024 1972 3085 quae
2000 3008 2155 3062 inter
2181 3006 2345 3061 illum
2379 3013 2440 3061 et
2504 3030 2517 3037 -

234 3108 433 3168 regem
488 3092 940 3149 intercedebant.
1026 3092 1165 3151 lnlde
1213 3091 1503 3163 Gatham,
1548 3090 1650 3147 ad·
1692 3110 1890 3167 regem
1928 3087 2439 3162 philisthaeorum,

229 3174 538 3252 confugit3
584 3185 641 3232 et
667 3195 842 3253 quum
871 3195 980 3237 nec.
1004 3177 1090 3233 ibi·
1112 3179 1261 3239 satis
1286 3194 1348 3234 se
1380 3184 1572 3232 tutum
1601 3174 1846 3248 videret,
1885 3193 2023 3232 mox
2056 3176 2120 3230 in
2149 3174 2440 3248 spelunca,

232 3261 470 3316 nomine
502 3259 801 3333 Adullam,
841 3280 984 3324 mox
1013 3262 1075 3317 in
1109 3264 1310 3341 sylva,
1351 3262 1449 3319 cui
1486 3277 1702 3321 nomen
1722 3267 1858 3316 >erat
1885 3257 2141 3327 Hareth,
2186 3258 2444 3318 delituit,

235 3345 428 3412 Quum
457 3347 545 3403 ita
581 3343 692 3401 huc
719 3349 858 3403 illuc
889 3359 1181 3419 cursaret,
1240 3345 1384 3407 Saul
1415 3364 1492 3406 ex.
1520 3346 1717 3420 aliquo
1742 3363 1970 3401 rumore
2003 3342 2245 3415 didicit,
2303 3361 2436 3401 eum

232 3429 299 3486 in
341 3430 475 3488 istis
509 3431 848 3508 regionibus
885 3433 1074 3492 visum
1113 3431 1313 3492 finisse.=
1391 3430 1637 3500 Verum,
1695 3429 1834 3509 quia
1866 3444 2065 3485 rumor
2099 3429 2210 3483 iste
2242 3429 2436 3509 paullo

230 3511 532 3575 confusior
564 3525 709 3586 erat,
752 3526 810 3572 et
843 3517 1074 3573 incerto
1102 3525 1361 3581 auctore,
1407 3532 1515 3570 nec
1544 3531 1744 3570 eorum
1775 3514 2077 3589 quisquam
2106 3529 2249 3590 quos
2278 3514 2435 3567 circa

229 3596 608 3672 se'habebat,
653 3600 959 3676 quidquam
996 3601 1083 3675 illi
1118 3599 1185 3656 de
1213 3598 1440 3657 Davide
1475 3596 1696 3673 liquido
1725 3595 2042 3668 referebat,
2087 3597 2246 3668 cujus
2278 3597 2433 3675 ullus

230 3701 373 3761 usus
405 3694 555 3740 esset
580 3683 653 3739 ad
684 3686 928 3741 consilia
957 3684 1253 3762 capienda,
1283 3692 1569 3742 venerunt
1597 3680 1660 3737 in
1688 3681 2069 3756 suspicionem
2098 3680 2249 3755 apud
2279 3698 2435 3751 eum,

137 3801 144 3807 »
232 3769 399 3843 quasi
430 3785 643 3826 areana
672 3770 1081 3842 conjuratione
1103 3788 1230 3826 amn
1264 3787 1365 3840 eo,
1410 3777 1470 3824 et
1500 3785 1629 3824 eum
1656 3764 2000 3837 Ionathane,
2028 3764 2216 3822 Sauli.
2245 3765 2430 3841 ipsius

230 3851 390 3924 filie,
434 3852 622 3923 facta,
671 3852 983 3932 fugitivum
1013 3856 1176 3911 illum
1208 3854 1281 3910 ad
1311 3866 1555 3932 regnum
1586 3849 1825 3909 evehere
1861 3849 2262 3935 decrevissent.
2347 3845 2428 3904 Ut

232 3953 361 3994 eam
392 3940 776 4013 suspicionem
815 3955 849 3992 a
877 3956 939 3994 se
966 3941 1339 4010 amoliretur,
1398 3946 1458 3993 et
1483 3937 1733 4016 gratiam
1766 3932 2016 4011 aliquam
2054 3935 2206 4007 apud
2231 3950 2427 4012 regem

115 4009 121 4014 ’
171 4054 180 4063 1
228 4022 412 4078 iniret
445 4019 714 4100 DoEgus,
754 4029 1052 4099 pastorum
1092 4025 1391 4101 regiorum
1430 4023 1731 4097 princeps,
1775 4021 1877 4095 qui
1912 4029 2038 4076 erat
2066 4017 2253 4090 Nobi,
2294 4034 2425 4075 cum
2488 4034 2491 4037 ·

201 4100 427 4164 David
457 4107 597 4164 illuc
625 4108 963 4179 transierat,
1004 4109 1130 4186 regi
1162 4107 1555 4177 renunciavit,-
1594 4103 1739 4182 quid
1767 4113 1901 4161 tum
1918 4102 1994 4160 ‘ab
2022 4100 2424 4161 Achimelecho

226 4188 444 4248 factum
470 4201 642 4264 esset,
678 4193 869 4249 multa
892 4189 1047 4248 haud
1074 4191 1267 4266 dubie,
1300 4193 1621 4248 aulicorum
1651 4199 1833 4261 more,
1866 4189 2102 4262 iusuper
2130 4186 2428 4267 affingens.
2514 4200 2517 4203 ’

225 4273 325 4334 Ex
352 4292 468 4354 quo
495 4272 799 4334 horribiles
828 4277 1160 4358 tragoediae
1188 4282 1575 4353 consequutae
1603 4281 1763 4333 sunt.
1846 4270 2064 4330 Statim
2091 4274 2246 4331 euim
2271 4272 2424 4332 Sau-
2488 4280 2505 4285 ”

222 4359 315 4419 lus
330 4398 357 4436 ,
399 4357 767 4423 vehementer
794 4359 1200 4441 Achimeleeho
1228 4362 1501 4431 incensus
1515 4397 1539 4434 ,
1586 4371 1717 4418 eum
1750 4365 1882 4418 eum
1921 4364 2048 4417 tota
2076 4358 2430 4449 cognatione
