2807 4913
782 285 905 359 1²2.
953 307 1073 376 20,
1133 309 1242 386 rc.
1327 292 1456 361 Ps.
1497 310 1615 378 αι,
1670 311 1732 357 2.
1861 245 1862 250 Ἰ
2232 291 2379 365 139
2459 341 2466 348 1

207 477 283 536 ned
299 449 485 535 loram
517 493 712 534 verum
738 474 939 552 populi
970 492 1168 555 rogem
1198 492 1359 548 esso,
1398 483 1461 534 et
1486 475 1672 554 ipsius
1698 492 1847 551 opus
1877 476 2186 547 victoriam
2214 473 2378 539 illa'm

204 563 363 620 fuisse.
439 561 529 618 lta
557 560 784 638 Syrust
817 557 1111 617 Dominus
1153 558 1427 618 servabit
1459 578 1590 635 nos,
1628 569 1691 618 et
1730 579 1845 618 rex
1878 570 2090 620 noster
2124 559 2381 642 respon-

206 645 331 704 debit
368 645 548 703 nobis.
633 643 845 703 Verum
885 643 1245 703 commodior
1283 661 1498 703 sensus
1524 647 1823 720 nascitur,
1862 647 1916 703 si
1946 664 2079 705 cum
2107 647 2279 706 Alex.
2314 658 2376 707 et

204 730 414 809 Vulgato
440 730 755 787 vertimus:
788 717 967 802 Idea,
1005 743 1185 785 serva
1212 729 1453 806 regem!
1509 729 1657 798 Quis
1687 732 1844 791 enim
1877 730 2049 805 hujus
2075 731 2379 805 carminis,

203 833 290 891 quo
314 824 503 872 votum
533 833 642 889 pro
658 816 865 872 ⁴milute
893 813 1054 894 regis
1082 814 1432 888 continetur,
1478 815 1673 888 aptior
1704 817 1993 897 epilogus,
2035 833 2210 892 quam
2234 813 2376 874 ille?

204 899 293 959 Vix
317 900 495 956 etiam‘
512 900 766 975 reperias
799 900 1012 971 locum,
1053 916 1169 975 quo
1200 895 1361 955 Deus
1392 915 1511 956 res·
1539 897 1805 959 absolute
1823 900 2172 978 appelletur.
2252 899 2382 959 Pro¹

203 994 318 1073 ³332
339 983 502 1042 Alex.
531 983 729 1059 posuit
767 974 1114 1045 ἐπάκουσον
1150 978 1354 1063 ἡμῶν,
1384 981 1622 1041 exauda·
1655 1000 1801 1059 nos,
1839 985 1937 1045 vel
1969 982 2124 1062 quod
2156 985 2377 1062 ‚legerit

201 1080 324 1147 ³:222
335 1109 353 1141 ‚
400 1071 490 1126 vel
529 1067 689 1144 quod
735 1067 1039 1126 emendare
1081 1068 1337 1126 voluerit
1375 1067 1683 1148 enallagen
1723 1087 2033 1147 personae,
2090 1086 2243 1146 quae
2277 1068 2380 1127 hic

202 1146 360 1210 fors'an
389 1162 538 1211 esset
566 1151 805 1229 durior3
855 1162 924 1210 ut
954 1170 1123 1228 saepe
1162 1154 1308 1211 alias
1341 1149 1501 1211 fecit.
1585 1147 1802 1212 Verum
1833 1162 2062 1212 retenta
2090 1151 2377 1212 hodierna

201 1233 391 1316 legendi
416 1240 648 1296 ratione
678 1238 893 1316 absque
922 1237 1216 1318 enallages
1250 1236 1444 1315 figura
1481 1237 1620 1297 licet
1654 1235 1812 1295 hunc
1841 1236 1940 1295 Vs.
1969 1237 2057 1295 sic
2085 1239 2375 1314 interpre-

201 1324 317 1394 tari,
356 1331 422 1380 ut
462 1326 527 1381 in
566 1323 766 1401 priore
808 1323 1038 1400 quidem
1072 1319 1442 1380 hemistichio
1481 1323 1728 1398 populus
1766 1321 1973 1382 Jovam
2015 1331 2184 1394 oret,
2229 1320 2376 1380 velit

199 1418 392 1481 praesto
429 1408 630 1465 adesse
667 1406 834 1486 regi,
891 1408 956 1464 in
995 1407 1321 1482 posteriore
1352 1407 1494 1464 'vero
1524 1405 1678 1464 idem
1709 1407 1955 1485 populus
1970 1447 1990 1480 ‚
2031 1414 2194 1463 certa
2232 1424 2377 1464 con·
2437 1469 2440 1474 ⁴

200 1500 330 1565 cepta
379 1491 626 1564 fiducia,
687 1490 800 1548 hoc
852 1491 1039 1549 dicat:
1108 1488 1368 1566 profecto
1406 1488 1554 1548 Jova
1604 1502 1840 1548 nostras
1896 1490 2097 1548 audiet
2152 1508 2375 1565 preces,

196 1577 612 1654 quotiescunque
657 1593 789 1632 eum
829 1575 1264 1655 appellabimus.
1349 1572 1508 1634 Huic
1556 1576 1880 1636 sententiae
1924 1573 2244 1655 suffragari
2280 1575 2376 1634 vi-

199 1656 373 1720 dentur
410 1661 535 1721 Vss.
577 1661 637 1717 7.
670 1670 729 1718 et
769 1666 832 1722 9.

1125 1847 1245 1912 Ps.
1304 1848 1409 1907 21.

210 1977 225 1994 ·'
337 1958 587 2037 Populus
627 1964 854 2024 felicem
897 1965 1194 2043 praedicat
1235 1982 1430 2046 regem
1448 2004 1469 2040 ,
1542 1961 1748 2026 divina
1802 1984 1911 2044 ope
1961 1975 2084 2027 tam
2131 1965 2378 2027 mirifice

204 2042 455 2122 adiutum,
508 2058 579 2108 ut
605 2051 864 2108 omnium
895 2059 1167 2108 votorum
1205 2066 1441 2123 compos
1483 2047 1706 2125 factus,
1763 2069 2036 2129 prospere
2067 2062 2126 2111 et
2153 2070 2380 2113 summa

203 2144 306 2185 cum
340 2134 521 2209 gloria
563 2153 811 2215 regnum
850 2134 1286 2193 administraret
1326 2132 1455 2214 (Vs.
1490 2135 1634 2191 2—-
1650 2130 1772 2213 7.),
1839 2136 2194 2214 confiditque
2225 2136 2379 2211 fore,

203 2222 258 2268 ut
279 2212 407 2275 Jova
443 2220 505 2275 in
547 2230 846 2297 posterum
878 2222 1052 2278 etiam
1083 2237 1280 2299 regem
1312 2228 1579 2292 tueatur,
1622 2217 1696 2278 ab
1732 2220 2002 2295 omnique
2030 2218 2378 2280 detrimento

202 2298 448 2361 sincerum
499 2305 913 2384 integrumque
970 2313 1308 2376 conservet,
1373 2304 1640 2362 hostibus
1687 2304 1811 2361 suis
1867 2305 2093 2361 cunctis
2140 2306 2379 2379 excisis,

205 2385 504 2465 penitusque
542 2390 752 2448 deletis
807 2386 939 2470 (Vs.
988 2388 1135 2448 8.-
1157 2384 1311 2468 14.).
1361 2417 1454 2433 --·
1508 2387 1896 2462 interpretum
1934 2388 2223 2467 plerisque
2266 2387 2383 2448 hoc

205 2485 395 2528 carmen
440 2485 529 2534 est
574 2475 870 2537 ἐπινίκιον
926 2476 990 2531 in
1029 2475 1338 2533 victoriam
1390 2472 1462 2534 de
1508 2473 1633 2531 illis
1691 2472 1958 2532 hostibus
2005 2483 2381 2552 reportatam,

205 2551 440 2614 adversus
479 2577 631 2637 quos
681 2560 819 2618 dum
858 2562 924 2617 in
963 2577 1031 2616 eo
1075 2567 1228 2616 esset
1265 2577 1409 2633 rex,
1468 2568 1536 2617 ut
1577 2559 2005 2633 expeditionem
2042 2562 2381 2636 susciperet,

206 2634 283 2696 Ps.
315 2640 406 2700 20.
444 2645 702 2723 populus
740 2645 1027 2702 auxilium
1068 2641 1330 2703 divinum
1371 2645 1727 2722 imploravit.
1808 2642 2025 2702 Verum
2062 2646 2176 2702 etsi
2213 2645 2383 2720 prior

206 2717 389 2780 Psalmi
436 2746 574 2804 pars
627 2731 954 2809 gratiarum
997 2730 1286 2787 actionem
1339 2731 1672 2803 contineat,
1727 2739 1920 2787 tamen
1961 2746 2086 2785 esse
2127 2746 2259 2785 eum
2309 2729 2384 2786 de
2485 2742 2490 2755 ¹

207 2806 448 2877 ejusmodi
476 2815 729 2872 victoria
765 2813 1193 2889 accipiendum,
1248 2832 1393 2891 quae
1434 2811 1696 2871 nondum
1741 2820 1892 2875 esset
1932 2812 2234 2885 absoluta,
2282 2813 2384 2872 sed

208 2888 443 2953 inchoata
489 2907 719 2956 tantum
737 2939 759 2971 ‚
814 2917 992 2977 quum
1033 2907 1323 2956 restarent
1365 2897 1553 2955 adhuc
1605 2896 1801 2954 hostes
1846 2896 2057 2971 multi,
2124 2905 2384 2975 arguunt

208 2990 402 3053 preces,
457 3001 608 3060 quae
646 2981 782 3039 inde
825 3001 864 3039 a
894 2980 995 3041 Vs.
1035 2983 1095 3039 9.
1140 2981 1444 3041 habentur.
1529 2978 1800 3040 Ceterum
1835 2978 2112 3040 Davidici
2153 2980 2384 3058 quidem

207 3064 346 3139 regni
370 3068 720 3144 temporibus
751 3067 972 3125 bellicis
1003 3068 1115 3124 etsi
1145 3069 1498 3126 conveniant
1521 3065 1656 3126 Vss.
1672 3068 1713 3124 9
1734 3097 1807 3110 --
1831 3065 1947 3139 13„
1980 3074 2172 3123 tamen
2198 3067 2385 3122 multo

211 3155 321 3202 sunt
346 3154 684 3232 augustiora
712 3162 770 3209 et
797 3152 1141 3225 illustriora,
1184 3170 1331 3230 quae
1364 3151 1436 3208 de
1463 3169 1624 3232 rege,
1662 3168 1833 3227 quem
1860 3150 1958 3209 hic
1984 3148 2081 3207 Ps.
2112 3150 2385 3229 celebrat,

213 3233 615 3312 praedicantur,
672 3240 1049 3314 pracsertim,
1095 3255 1244 3314 quae
1274 3236 1406 3296 Vss.
1437 3233 1495 3292 5.
1527 3240 1585 3296 7.
1622 3235 1943 3308 habentur,
1998 3252 2171 3311 quam
2212 3243 2282 3291 ut
2319 3236 2386 3291 in

213 3307 454 3379 Davidem
491 3333 600 3380 aut
634 3322 885 3399 aliquem
925 3340 1124 3379 eorum
1141 3362 1162 3395 ,
1206 3323 1312 3399 qui
1347 3323 1407 3378 ei
1443 3322 1508 3378 in
1537 3339 1723 3401 regno
1755 3327 2188 3392 successerunt,
2229 3327 2391 3383 recte,

215 3401 380 3463 (fidere
425 3407 753 3465 videantur.
837 3406 1327 3474 Quemadmodum
1382 3407 1573 3484 igitur
1623 3405 1718 3462 Ps.
1759 3406 1823 3463 2.
1877 3402 2152 3462 Messinm
2190 3421 2390 3467 omnes

216 3495 324 3539 suos
347 3489 706 3548 adversarios
739 3508 845 3548 suo
872 3481 1117 3567 imperio
1146 3492 1537 3564 subjecturum
1563 3508 1769 3548 canere
1795 3488 2082 3563 vidimus,
2122 3488 2209 3545 ita
2239 3487 2392 3545 idem

219 3574 263 3621 et
281 3567 433 3646 huJus
464 3577 738 3636 carminis
768 3583 1174 3654 argumentum
1207 3594 1333 3634 esse
1372 3574 1531 3632 haud
1568 3574 1917 3632 dubitamus.
2001 3572 2069 3633 ln
2097 3589 2213 3648 quo
2251 3589 2394 3629 con-

219 3656 488 3716 sentientes
517 3656 809 3717 habemus
825 3661 1048 3732 priscos
1074 3659 1394 3734 Hebraeos,
1434 3660 1557 3739 qui,
1589 3656 1880 3718 Chaldaeo
1907 3665 2242 3740 praeeunte,
2282 3655 2395 3714 hoc

221 3729 294 3792 Pt-
325 3738 594 3801 Messium
633 3745 767 3802 cani
809 3753 1158 3803 statuerunt.

356 3859 408 3914 2.
443 3860 506 3919 3.
591 3861 850 3935 Populus
886 3859 1354 3920 consideratione
1391 3859 1802 3919 beneficiorum
1818 3900 1839 3932 ‚
1883 3860 2091 3936 quibus
2121 3853 2272 3933 Jova
2302 3876 2399 3917 re-

229 3954 327 4012 gem
356 3942 573 4021 affecit,
618 3949 683 4005 in
712 3946 1156 4005 admirationem
1187 3957 1426 4021 raptus,
1466 3947 1698 4003 beatum
1729 3953 1789 4002 et
1816 3943 2040 4002 felicem
2075 3962 2206 3999 eum
2231 3961 2402 4019 prae·

230 4018 383 4100 dicat,
446 4030 582 4088 dum
636 4033 827 4108 ipsum
879 4030 1095 4109 gaudio
1139 4050 1365 4089 summo
1407 4039 1646 4108 propter
1690 4024 1853 4106 opem
1899 4027 2181 4087 divinitus
2223 4029 2402 4084 latam

228 4111 450 4201 fluitare
486 4117 666 4175 dicit:
717 4111 855 4201 ='5²·?.⁷³‚
878 4143 968 4156 -·
995 4104 1158 4210 &2272
1201 4115 1384 4191 Jova,
1422 4117 1489 4174 in
1529 4115 1761 4172 virtute
1807 4123 1916 4171 tua
1957 4130 2071 4169 rex
2113 4111 2407 4183 laetatur,

229 4204 261 4245 ι.
283 4210 323 4249 e.
354 4210 579 4277 propter
619 4196 901 4259 virtutem
942 4208 1140 4273 tuam,
1184 4219 1300 4276 qua
1329 4202 1447 4279 ipsi
1485 4198 1851 4258 succurristi.
1930 4185 2039 4257 'm
2088 4196 2407 4283 *Vlfflffiffifl

229 4281 280 4327 ⁶²
316 4277 377 4336 de
417 4300 525 4363 ope
565 4294 677 4357 tuq
717 4302 891 4364 quam
929 4284 1190 4364 impense
1231 4282 1537 4344 laetatur!
1615 4283 1687 4342 In
1725 4279 1896 4370 ⁹:³32,
1949 4281 2104 4359 quod
2141 4277 2248 4357 p'ro
2280 4277 2425 4365 ¹:³³3}

232 4363 446 4432 P⁰⁸itmu
484 4379 610 4447 est,
650 4379 924 4430 accentus
958 4371 1030 4431 ab
1071 4372 1278 4429 ultima
1307 4371 1537 4448 syllaba
1574 4361 1898 4439 retrahitur
1929 4366 2003 4427 ad
2030 4365 2418 4448 penultimam
