2807 4913
385 293 538 367 652
772 260 777 261 ff
1152 272 1279 369 Ρ..
1324 293 1496 384 ιδῃ,
1546 294 1840 362 6—10.

383 483 720 564 Epio-atam
757 502 804 542 s.
835 479 1263 543 Bethlehemum
1302 485 1445 559 poni
1482 481 1577 541 vel
1614 502 1720 559 pro
1755 481 1904 540 locis
1936 480 2169 557 vicinis,
2212 482 2306 543 vel
2341 501 2449 562 pro
2478 486 2616 546 fer—

381 571 586 629 tilibus
627 566 950 651 (significat
985 570 1140 628 enim
1183 576 1417 629 rmus&
1458 586 1736 626 summam
1756 562 2227 649 fertilitatem),
2268 571 2331 626 in
2360 574 2617 647 opposi-

381 657 544 713 tione
575 655 648 712 ad
681 671 875 730 agros
890 654 1108 730 sylvae,
1150 640 1356 730 quibus
1383 655 1654 731 regiones
1679 652 1957 727 incultae,
1993 656 2332 729 praesertim
2360 651 2610 729 Libani,

379 741 505 796 sint
531 735 956 818 intelligendae.
1026 737 1158 803 Hoc
1186 736 1387 794 forsan
1415 736 1732 795 Chaldaeus
1761 739 1970 810 voluit,
2011 740 2113 815 qui
2142 739 2391 797 alterum
2421 739 2611 815 hujus

380 823 595 881 Versus
622 821 1047 897 hemistichium
1079 825 1166 881 sic
1200 820 1491 880 reddidit:
1540 818 1880 880 Invenimus
1921 839 2051 878 eam
2088 823 2154 879 in
2198 842 2348 900 agro
2392 824 2609 900 sylva-

377 927 521 981 rum,
555 904 807 978 Libani,
850 905 952 963 ubi
989 906 1246 979 orabant
1276 915 1501 985 patres
1542 907 1800 983 antiqui.
1881 907 2068 965 Nobis
2112 908 2339 984 quidem
2381 911 2608 967 ceteris

379 992 647 1050 omnibus
682 989 936 1072 Tilingii
964 990 1338 1072 praeferenda
1364 991 1600 1052 videtur
1628 990 1801 1067 hujus
1829 992 1943 1050 loci
1974 993 2378 1070 interpretatio
2411 1011 2611 1071 supra*

371 1079 580 1137 allata.

547 1180 608 1235 7.
696 1180 886 1240 nteit„
926 1176 1148 1245 Eamus
1189 1196 1356 1257 ergo,
1444 1175 1848 1239 Exhortantur
1889 1196 1950 1235 se
1991 1178 2242 1235 invicem
2283 1178 2595 1238 Israelitae

372 1262 449 1320 ad
483 1244 788 1320 solennem
822 1245 938 1321 1οοί
981 1266 1173 1337 sacri,
1232 1265 1352 1338 jam
1398 1260 1682 1335 divinitus
1729 1260 1985 1335 definiti,
2037 1262 2590 1339 frequentationem,

370 1356 441 1404 ut
476 1345 590 1405 Jes.
621 1348 683 1418 2,
710 1346 769 1406 3.
816 1347 993 1406 Ζιιοὶι.
1020 1351 1081 1421 8,
1112 1350 1214 1412 21.
1297 1348 1417 1407 Alii
1445 1332 1787 1404 indicativez
1834 1345 2126 1404 adibimus
2164 1351 2359 1424 itaque
2397 1360 2457 1406 et
2489 1350 2589 1407 in-

374 1430 695 1505 trahimus,
753 1444 822 1491 ut
861 1452 1018 1511 spem
1057 1434 1171 1493 sibi
1202 1441 1406 1492 mutuo
1450 1431 1669 1489 faciant
1712 1429 2038 1505 Israelitae,
2091 1442 2368 1489 venturos
2414 1452 2475 1491 se
2517 1436 2585 1491 in

369 1526 667 1592 posterum
706 1535 830 1574 esse
869 1518 942 1576 ad
981 1521 1166 1575 locum
1212 1527 1434 1574 eertum
1474 1523 1534 1574 et
1572 1514 1789 1588 fixum,
1840 1516 1902 1572 in
1930 1535 2046 1592 quo
2077 1518 2266 1574 cultus
2291 1516 2469 1576 Jovae
2501 1520 2587 1582 sit

285 1595 289 1600 ’
369 1600 768 1663 celebrandus.
861 1597 1033 1666 ”bn
1113 1596 1281 1666 22'7'*b
1356 1599 1618 1692 fflrjmzj:
1674 1598 2067 1658 Adorabimus
2127 1601 2212 1658 ad
2264 1600 2581 1660 scabellum

363 1684 580 1765 pedum
615 1703 770 1759 cyus,
811 1688 854 1743 i.
887 1705 936 1743 e.
970 1705 1164 1750 coram
1195 1679 1332 1743 arca
1359 1704 1546 1759 sacra,
1589 1684 1684 1740 cui
1718 1685 1887 1760 pedes
1920 1687 2215 1760 imponere
2243 1687 2523 1744 videtur·
2502 1707 2580 1761 1s,

272 1764 277 1775 ’
369 1772 473 1846 qui
500 1771 718 1829 insidet
747 1773 855 1829 alis
884 1769 1376 1849 cherubinorum,
1416 1788 1589 1846 super
1618 1786 1755 1825 arca
1785 1787 2073 1845 expansa,
2128 1769 2230 1827 vid
2261 1769 2350 1827 Ps.
2377 1772 2481 1845 99,
2515 1771 2577 1829 5.

373 1857 403 1911 1
426 1851 559 1912 Chr.
587 1855 692 1931 28,
718 1856 778 1911 2.
829 1855 941 1916 Jes.
972 1857 1075 1928 60,
1108 1856 1206 1916 13.
1293 1857 1412 1915 ΑΙίἰ
1457 1854 1727 1942 templum
1778 1854 2091 1913 scabellum
2134 1854 2343 1929 pedum
2387 1853 2578 1914 Jovae

361 1939 644 2017 appellari
674 1939 1036 2012 existimant,
1069 1949 1334 2018 respectu
1362 1932 1627 1998 coelestis
1655 1939 1811 2011 solii,
1853 1941 1949 1997 cui
1979 1937 2137 1996 Deus
2165 1940 2397 1998 insidet.

338 2112 341 2113 ⁷
506 2047 588 2107 8.
660 2044 941 2143 ''ml-17:725
983 2050 1146 2144 ἿᾎΓΗ
1191 2048 1362 2139 rma?
1395 2045 1612 2125 Surge,
1636 2042 1811 2122 Jova,
1848 2047 1933 2105 ad
1957 2046 2143 2106 locum
2177 2050 2398 2125 quietis
2430 2058 2577 2112 tuae

361 2115 1064 2209 occupanduxii.M1’1tavii
1087 2085 1395 2194 formuldm
1412 2132 1725 2192 Mosaicam
1749 2132 2107 2199 evocationis
2135 2131 2307 2192 Num.
2332 2138 2428 2207 lo,
2446 2136 2574 2209 35„

360 2235 537 2296 quum
567 2237 686 2279 non
713 2220 786 2278 ad
817 2220 1261 2300 migrationem,
1313 2220 1414 2278 sed
1441 2215 1515 2276 ad
1540 2217 1730 2283 sedem
1760 2217 1937 2285 fixam
1975 2228 2034 2274 et
2071 2217 2339 2283 stabilem
2372 2179 2574 2278 arcam,

359 2311 560 2361 evocet
595 2323 668 2360 ex
709 2323 775 2362 eo
815 2303 982 2377 loco,
1035 2305 1100 2361 in
1138 2324 1252 2386 quo
1289 2304 1423 2362 dum
1457 2304 1731 2379 templum
1761 2301 2136 2376 conderetur,
2176 2304 2395 2361 interea
2427 2305 2570 2361 sub-

358 2389 534 2443 stitit.
617 2385 790 2451 Hunc
828 2399 888 2446 et
919 2388 1065 2446 duos
1095 2389 1342 2461 Versus,
1385 2388 1487 2465 qui
1519 2396 1868 2463 sequuntur,
1907 2385 2189 2445 Salomon
2218 2389 2449 2446 solenni
2477 2390 2570 2445 illi

355 2474 721 2548 precatione,
780 2492 951 2549 quam
983 2474 1045 2536 in
1076 2473 1431 2534 dedicatione
1463 2470 1729 2546 Templi,
1784 2482 1918 2544 post
1948 2472 2168 2529 illatam
2200 2474 2340 2529 illuc
2368 2492 2565 2530 arcam

354 2556 642 2629 adhibuit,
672 2558 911 2621 totidem
943 2557 1060 2617 fere
1088 2558 1280 2616 verbis
1309 2558 1576 2630 inseruit,
1617 2553 1736 2614 vid.
1762 2553 1950 2612 2Chr.
1976 2556 2163 2627 6,41.
2250 2563 2368 2645 Ἰζᾶ,
2408 2560 2568 2648 ΤΙἾΝ

355 2641 523 2700 Arca
577 2640 814 2701 roboris
866 2642 997 2715 tui,
1053 2643 1095 2700 i.
1141 2661 1193 2699 e.
1236 2643 1534 2715 potentiae
1580 2650 1639 2697 et
1678 2640 2017 2739 majestatis·
2037 2649 2175 2698 tuae
2216 2621 2568 2715 symbolum]⁸

354 2725 485 2783 Hoc
526 2726 778 2787 nominis
819 2744 1104 2802 nusquam
1141 2728 1287 2783 alias
1328 2743 1497 2782 arcae
1534 2725 1846 2795 tribuitur,
1903 2725 2023 2779 nisi
2057 2725 2186 2782 loco
2233 2743 2307 2780 ex
2352 2732 2557 2781 nostro

351 2810 583 2868 Psalmo
616 2811 874 2871 desumto
906 2808 1098 2868 2Chr.
1126 2812 1186 2883 6,
1214 2811 1352 2867 41ae
1335 2811 1537 2884 ,alias
1575 2808 1952 2866 communiter
1983 2808 2196 2866 dicitur
2232 2826 2383 2865 arca
2405 2807 2556 2880 foe-

351 2894 540 2966 deris,
583 2913 735 2954 arca
769 2892 910 2968 Dei,
953 2901 1013 2951 et
1043 2896 1218 2952 semel
1255 2914 1408 2956 arca
1440 2893 1822 2965 sanctitatis,
1862 2888 2054 2949 2Chr.
2082 2892 2187 2992 35,
2212 2892 2269 2960 3.
2334 2890 2420 2951 Cf.
2455 2890 2551 2950 Ps.

351 2980 455 3051 96,
484 2980 544 3037 6.
631 2977 1062 3042 Alexandrinus
1098 2989 1301 3037 nostro
1336 2979 1467 3036 loco
1507 2971 1545 3058 ἦ
1576 2974 1829 3060 κιβωτὸς
1866 2976 1974 3037 τοῦ
2010 2970 2416 3077 ἆγιὰσματός
2421 2999 2555 3049 σου,

347 3074 407 3122 et
437 3062 722 3144 Vulgatus
767 3084 972 3122 arcam
1012 3063 1527 3137 sanctificationis
1568 3074 1740 3137 tuae,
1788 3061 1889 3119 sed
1923 3060 2122 3125 2Chr.
2148 3064 2209 3138 6,
2239 3063 2339 3124 61.
2383 3055 2421 3143 ἦ
2460 3083 2549 3122 κι-

346 3145 544 3232 βωτὸς
587 3152 695 3225 τῆς
737 3142 936 3229 ἲσχῦος
975 3170 1089 3212 σου
1127 3150 1344 3227 posuit.

515 3261 576 3316 9.
662 3270 858 3346 ΡἿΒΞ·
875 3254 1068 3349 ῆιύξξζ·
1127 3259 1324 3347 Τπ-35
1372 3255 1729 3316 Sacerdotes
1782 3256 1877 3314 tui
1918 3255 2175 3314 induant
2204 3254 2542 3329 justitiam.

346 3340 687 3405 Sacerdotes
733 3354 792 3426 et
839 3324 1075 3403 Levitae
1119 3352 1429 3421 portarunt
1473 3360 1702 3416 aream,
1767 3343 1867 3416 qui
1908 3340 2197 3399 affuerunt
2245 3351 2365 3398 tum
2416 3359 2543 3397 cum

326 3446 382 3496 ,o
346 3434 560 3486 ornatu
595 3446 725 3486 suo.
806 3427 919 3486 His
958 3431 1143 3506 igitur
1184 3437 1453 3503 precatur
1483 3445 1685 3485 verum
1718 3437 1774 3485 et
1805 3427 2096 3485 internum
2131 3433 2437 3497 ornatum,
2477 3435 2545 3481 ut

345 3521 503 3568 caste
552 3512 940 3591 religioseque
994 3514 1256 3587 praesint
1312 3514 1496 3569 sacris
1547 3510 1725 3570 Jovae
1779 3511 1844 3568 in
1892 3528 2047 3568 nova
2100 3511 2240 3568 aede
2285 3508 2557 3570 Sionica.

343 3594 602 3671 Sequens
636 3609 830 3654 autem
868 3596 1324 3669 hemistichium,
1383 3605 1575 3687 ἹΞΡἬ
1598 3602 1867 3683 ᾞΓῚὊΠ]
1898 3603 1962 3652 et
1999 3594 2101 3672 pii
2146 3594 2239 3650 tui
2265 3591 2548 3664 jubilent,

343 3682 455 3738 toti
482 3682 701 3758 populo
731 3681 873 3738 bene
898 3684 1126 3757 precari
1152 3682 1405 3751 videtur,
1446 3689 1516 3736 ut
1534 3661 1774 3753 piorum
1801 3658 2165 3738 sacerdotum
2197 3681 2275 3736 sit
2301 3678 2544 3752 populus

344 3766 504 3839 pius,
543 3768 646 3842 qui
679 3765 931 3843 gaudeat
963 3777 1022 3824 et
1055 3768 1301 3823 laetetur
1336 3768 1436 3841 pio
1469 3764 1667 3836 cultu,
1710 3773 1768 3821 et
1793 3762 2019 3845 fructus
2049 3761 2218 3835 hujus
2243 3762 2544 3848 percipiat.

341 3848 496 3907 Sunt
532 3852 686 3907 enim
728 3852 891 3940 ''⁷2¹7‘'
941 3861 1129 3912 ’ΠὌΓΙ
1174 3851 1259 3921 ii,
1303 3867 1448 3924 quos
1479 3848 1844 3927 benignitate
1876 3866 1984 3905 sua
2016 3843 2447 3922 complectitur,
2485 3855 2546 3902 et

339 3932 631 4012 beneficiis
676 3918 810 3989 suis
851 3914 1045 3994 afficit.
1099 3914 1206 3998 (f.
1243 3935 1350 4007 30,
1376 3932 1437 3991 ὁ.
1482 3934 1622 4003 149,
1660 3933 1716 3988 1.
1746 3933 1810 3992 9.
1894 3932 2017 3989 Alii
2058 3940 2251 3988 tamen
2293 3930 2362 3986 de
2404 3929 2542 3986 solis

232 4091 235 4100 Ι
340 4013 588 4089 Levitis,
647 4034 892 4094 quorum
925 4026 1053 4074 erat
1083 4029 1319 4076 cantare
1347 4027 1408 4076 et
1437 4017 1709 4093 psallere,
1759 4013 2005 4097 piorum
2044 4033 2247 4072 nomen
2290 4012 2581 4087 capiunt,

334 4098 621 4159 Chaldaeo
651 4112 925 4170 auctore,
978 4102 1079 4175 qui
1112 4101 1200 4157 sic
1229 4102 1514 4163 reddidit:
1560 4110 1624 4162 et
1668 4099 1919 4161 Levitae
1962 4100 2166 4166 sancti
2212 4099 2307 4158 tui
2340 4096 2543 4160 laudes

331 4194 555 4243 canant
596 4203 782 4264 super
819 4182 1236 4244 oblationibus.

485 4286 601 4343 10,
663 4283 925 4363 Propter
950 4281 1273 4356 Davidem,
1302 4303 1542 4346 ser-vum¹
1578 4304 1627 4342 s.
1659 4284 1941 4342 cultorem
1980 4290 2148 4339 tuum
2189 4303 2261 4341 ne
2299 4288 2542 4341 avertas

316 4364 374 4437 s
369 4368 556 4426 aciem
592 4370 769 4429 uncti
799 4368 911 4443 tui,
933 4386 1025 4427 »ne
1051 4369 1335 4429 averseris
1366 4389 1566 4449 preces
1599 4369 1950 4441 Salomonis,
1988 4370 2086 4426 cui
2112 4386 2358 4449 regnum
2389 4384 2544 4424 eom-
