2807 4913
344 379 349 389 ἱ
406 239 517 348 Ὰ96
832 311 836 315 Α
1028 251 1029 258 ¹
1262 277 1392 347 QPs.
1431 225 1554 363 ἰδ’,
1618 298 1676 344 ι.
1719 292 1787 342 2.

414 481 493 521 ex¹
518 457 871 520 Christianis
909 462 1082 540 longe
1120 462 1426 539 plerosque
1464 469 1692 520 tantum
1726 458 1917 520 valuit
1933 501 1953 534 ,
2012 469 2080 518 ut
2110 458 2383 536 Messinm
2409 461 2484 522 'in
2517 462 2639 526 hoc

415 548 673 606 carmine
709 548 872 621 loqui
913 556 1271 619 statuerent,
1330 549 1431 623 qui
1462 548 1710 623 primum
1740 549 1805 604 in
1835 547 2043 618 malis,
2084 548 2293 622 quibus
2323 559 2636 629 urgeatur,

412 633 684 692 fiduciam
734 648 898 688 suam
949 633 1014 688 in
1058 631 1259 688 divina
1296 632 1658 711 benignitate
1700 631 2011 707 repositam
2058 631 2344 706 declaret,
2417 633 2633 693 deinde

413 711 543 796 (Vs.
568 723 626 776 4.
656 712 743 791 ⁵.)
788 715 974 774 Jovae'
999 716 1353 775 sacerdotem
1392 735 1455 772 se
1486 734 1609 772 esse
1649 715 2020 796 profiteatur,
2067 724 2126 772 et
2158 716 2402 792 denique
2433 737 2470 774 a
2497 718 2630 778 Deo

413 821 478 860 se
519 821 553 859 e
599 801 847 857 mortuis
887 808 1218 858 revocatum
1236 841 1256 874 ,
1310 818 1629 877 corpusque
1661 818 1829 857 suum
1866 817 1904 856 a
1936 802 2308 876 corruptione
2331 813 2635 862 servatum

412 888 495 944 iri
530 884 798 942 confidat.
881 887 1042 952 Quae
1084 887 1492 963 interpretatio
1534 904 1654 943 non
1691 885 1863 942 modo
1901 884 1976 940 ab
2019 885 2306 943 orationis
2343 890 2631 963 poeticae,

411 970 1128 1045 Ebraeorumimprimis,
1184 972 1379 1029 indole
1422 978 1481 1026 et
1523 981 1735 1027 natura
1776 968 2086 1041 abhorret,
2127 970 2233 1027 sed
2278 988 2351 1027 ne
2392 973 2633 1029 notioni

411 1054 643 1133 quidem
674 1051 952 1125 Messiae,
1014 1056 1235 1129 qualem
1260 1055 1466 1113 Judaei
1491 1055 1564 1111 ab
1595 1054 1754 1112 omni
1785 1063 2039 1128 tempore
2071 1053 2185 1110 sibi
2209 1053 2631 1128 informabant,

409 1137 744 1212 respondet.
828 1137 911 1195 Hi
942 1139 1092 1196 enim
1123 1139 1391 1200 Messinm
1421 1140 1534 1196 sibi
1564 1138 1817 1210 heroem,
1859 1139 2139 1196 victorem
2168 1157 2494 1218 regemque·
2514 1158 2629 1214 po-

407 1225 835 1295 tentissimum,
876 1242 996 1280 non
1027 1226 1417 1298 sacerdotem,
1458 1227 1552 1282 vel
1583 1224 1906 1294 hominem,
1951 1239 2080 1294 cum
2111 1224 2366 1286 adversa.
2383 1224 2631 1283 fortuna

410 1310 724 1383 multisque
779 1309 1070 1364 aerumnis
1126 1308 1568 1367 conflictantem·
1610 1307 1928 1387 fingebant.
2014 1306 2133 1365 Sed
2189 1309 2375 1366 multo
2429 1311 2628 1367 miuus

365 1460 367 1462 ¹
410 1393 651 1467 probari
690 1402 937 1464 possunt
967 1394 1091 1465 illi,
1152 1397 1251 1471 qui
1294 1393 1452 1451 hunc
1492 1402 1552 1451 et
1590 1395 1782 1469 plures
1822 1393 1970 1450 alios
2006 1390 2129 1450 Pss.
2165 1409 2339 1449 sensu
2381 1395 2630 1466 literali,

407 1485 615 1553 aperto
644 1486 705 1533 et
733 1475 1033 1546 historico,
1076 1475 1146 1535 de
1171 1477 1418 1551 Davide,
1464 1480 1713 1554 mystico
1742 1496 1904 1549 vero,
1947 1478 2265 1554 allegorico
2291 1488 2352 1536 et
2381 1480 2625 1540 sublimi

407 1560 487 1617 de
509 1560 744 1619 Christo
776 1562 1090 1633 accipiunt.
1165 1565 1325 1630 Quae
1355 1562 1776 1638 interpretandi
1802 1564 1979 1633 ratio,
2019 1580 2135 1638 qua
2166 1579 2285 1618 una
2311 1564 2627 1648 eademque

408 1647 709 1717 oratione,
748 1646 968 1716 dispari
1006 1663 1177 1703 sensu
1219 1657 1495 1720 accepta,
1537 1649 1730 1719 plures
1761 1648 1934 1703 simul
1960 1655 2235 1718 eventus,
2294 1636 2625 1721 disjunctos

404 1740 695 1805 tempore,
733 1739 946 1786 natura
978 1727 1284 1788 dissimiles
1319 1732 1619 1809 designari
1655 1738 1978 1802 statuatur,
2020 1730 2091 1787 ab
2125 1731 2393 1788 omnibus
2423 1743 2625 1789 rectae

402 1812 833 1885 interpretandi
877 1815 1023 1870 artis
1065 1818 1382 1892 praeceptis
1421 1818 1511 1872 ita
1545 1815 1737 1870 aliena
1768 1823 1888 1886 est,
1934 1823 2003 1871 ut
2038 1815 2141 1890 qui
2169 1815 2232 1870 in
2261 1814 2484 1873 Graeco
2512 1826 2624 1874 aut

403 1896 668 1956 Romano
721 1899 915 1973 aliquo
958 1901 1245 1972 scriptore
1289 1899 1552 1957 adhiberi
1593 1898 1754 1955 illam
1802 1898 1979 1969 velit,
2046 1899 2100 1954 is
2141 1899 2207 1955 in
2254 1917 2622 1957 communem

401 1982 845 2055 prudentiorum
868 1981 1371 2056 reprehensionem
1401 1987 1739 2041 incurreret.
1827 1982 1999 2050 Quod
2029 1992 2223 2039 autem
2262 1984 2327 2039 in
2364 1984 2619 2042 aliorum

400 2067 749 2141 scriptorum
772 2068 1270 2144 ¹interpretatione
1310 2086 1508 2127 omnes
1546 2068 1956 2140 repudiarent,
2010 2065 2163 2124 idem
2206 2084 2310 2123 eur
2350 2068 2415 2124 in
2459 2070 2621 2127 sacri

399 2150 617 2208 codicis
647 2153 1036 2224 explicatione
1064 2153 1421 2228 admittatur,
1470 2154 1635 2209 nulla
1660 2152 1871 2210 idonea
1900 2152 2155 2231 cogitari
2179 2160 2373 2224 potest
2394 2154 2573 2210 ratio.

573 2322 630 2378 l.
675 2320 738 2382 2.
820 2319 911 2378 De
961 2323 1147 2382 mama
1198 2321 1316 2380 vid.
1361 2320 1827 2414 Explicationem
1874 2316 2208 2378 Titulorum
2252 2317 2358 2376 sub
2408 2320 2500 2377 lit.

396 2390 502 2467 537
549 2402 755 2467 *sumti
789 2388 1094 2463 Custodi
1073 2425 1180 2480 me,
1218 2403 1407 2478 Deus,
1447 2424 1583 2465 nam
1623 2402 1878 2480 confugi
1918 2402 2002 2460 ad
2034 2411 2111 2459 te.
2195 2400 2619 2482 significanter

393 2487 514 2571 ΕΝ,
578 2471 746 2566 quo‘d'
767 2487 1008 2560 fortem
1068 2499 1272 2561 notat,
1339 2491 1573 2555 videtur
1622 2490 1894 2586 positum.
1979 2486 2156 2545 Ratio
2202 2488 2445 2544 tutelam
2495 2487 2619 2549 Dei

396 2575 607 2631 orandi
639 2581 697 2629 et
728 2573 1010 2630 exorandi
1040 2574 1343 2646 subjicitur
1365 2572 1546 2630 haec:
1594 2572 1739 2650 quia
1779 2572 1863 2630 ad
1906 2581 1965 2628 te
2008 2566 2288 2648 confugi,
2333 2573 2472 2649 quia
2503 2583 2612 2632 tuo

393 2658 685 2731 praesidio
736 2657 925 2729 nitor,
986 2658 1050 2714 in
1099 2666 1156 2713 te
1202 2676 1361 2734 spem
1408 2675 1635 2715 omnem
1678 2658 1918 2731 conjeci.
2003 2656 2149 2723 Quis
2190 2667 2380 2714 autem
2417 2657 2614 2716 bonus

393 2739 621 2798 deserat
666 2756 799 2812 eos,
857 2742 957 2815 qui
998 2759 1134 2799 suae
1180 2760 1240 2798 se
1281 2741 1419 2798 fidei
1456 2739 1892 2800 commiserint?
1936 2773 2024 2785 —
2066 2742 2127 2798 2.
2172 2735 2369 2830 ,ἾᾎΓῖύ
2414 2748 2616 2834 ΠὙΩΝ

388 2822 631 2882 Dixisti
672 2828 887 2896 Jovae,
947 2824 1187 2883 subaud.
1233 2823 1390 2906 Ἴιζέειξ
1430 2826 1632 2883 anima
1673 2845 1838 2900 mea,
1895 2846 1994 2884 ex·
2013 2810 2302 2883 communi
2343 2811 2616 2903 inter'pp.

387 2905 599 2966 Hebrr.
630 2909 955 2981 sententia,
1013 2911 1166 2986 quod
1201 2906 1352 2967 idem
1389 2929 1521 2967 cum
1562 2911 1694 2969 illo·
1739 2930 1845 2988 ego
1892 2909 2611 2986 dixi.1nterpp.Alex.,

386 2991 674 3071 vulgatus
706 3001 765 3049 et
797 2991 983 3068 Syrus
1018 2995 1265 3067 primam
1293 3011 1599 3067 personam
1631 2992 2060 3073 expresserunt,
2103 3013 2277 3071 quum
2304 2996 2610 3075 vulgatam

354 3079 689 3155 *lectionem
725 3093 918 3150 presse
948 3081 1166 3135 imitari
1197 3098 1319 3137 non
1348 3082 1608 3152 possent
1616 3083 1742 3137 sine
1770 3098 1992 3136 summa
2022 3081 2391 3138 obscuritate.
2438 3080 2611 3139 Libri

383 3159 537 3218 haud
568 3163 767 3259 pauci,
807 3169 868 3218 et
900 3165 1104 3239 ‘scripti
1142 3174 1199 3221 et
1229 3165 1405 3238 editi,
1451 3163 1723 3221 exhibent
1753 3175 1994 3225 ἼιτιἼΖπΝ.
2074 3161 2225 3221 Utra
2255 3183 2393 3222 vero
2427 3166 2608 3224 lectio

384 3246 465 3300 sit
497 3246 795 3321 antiquior
830 3248 1012 3304 altera
1051 3257 1108 3305 et
1149 3248 1558 3324 praeferenda,
1609 3247 1763 3306 haud
1808 3231 2050 3304 obscure
2090 3247 2346 3327 intelligi
2386 3259 2606 3325 potest.

381 3327 492 3385 Est
525 3330 678 3384 enim
706 3330 801 3385 lex
835 3329 1070 3405 critica,
1112 3352 1250 3390 raro
1285 3333 1529 3405 fallens,
1575 3353 1607 3390 e
1637 3333 1855 3391 duabus
1885 3333 2234 3389 lectionibus
2267 3333 2614 3413 praeferen-

381 3411 513 3468 dam
553 3431 675 3469 esse
703 3431 866 3486 eam,
925 3436 1000 3473 ex
1027 3434 1141 3494 qua
1177 3419 1419 3474 alterius
1456 3420 1624 3497 origo
1660 3418 2039 3493 probabiliter
2077 3417 2261 3493 possit
2302 3420 2605 3496 cognosci.

381 3492 513 3553 Jam
549 3514 686 3555 vero
720 3501 818 3575 qui
847 3499 1061 3557 factum
1089 3504 1199 3573 sit,
1260 3511 1326 3558 ut
1345 3499 1536 3558 dictio
1571 3512 1798 3589 aqva&
1839 3502 2205 3585 degenerarit
2246 3502 2309 3558 in
2351 3506 2605 3563 alteram

379 3589 613 3675 tumim,
671 3586 854 3641 multo
898 3604 1037 3647 sane
1078 3586 1372 3644 duriorem
1413 3594 1474 3642 et
1512 3567 1926 3658 difficiliorem,
1978 3586 2080 3643 vix
2109 3586 2238 3642 ulla
2278 3588 2604 3662 probabilis

304 3688 321 3701 1
377 3684 552 3722 causa
555 3650 778 3724 afferri
810 3680 1031 3745 potest:
1091 3673 1220 3748 quis
1267 3672 1419 3727 enim
1460 3669 1740 3728 haesisset
1780 3673 1842 3728 in
1883 3690 2025 3730 voce
2067 3680 2185 3728 tam
2222 3670 2386 3729 facili
2425 3686 2606 3749 atque

375 3748 719 3827 perspicua?
809 3751 1080 3812 Ceterum
1126 3758 1364 3813 solenne
1412 3774 1535 3812 esse
1575 3752 1891 3828 Hebraeis,
1960 3764 2028 3810 ut
2068 3757 2300 3811 nomine
2346 3755 2602 3817 femineo

372 3836 500 3920 tin?
534 3837 762 3909 anima,
809 3838 899 3895 ad
914 3854 1216 3915 personam
1252 3850 1367 3897 tam
1406 3841 1688 3910 aliorum,
1731 3858 1900 3916 quam
1933 3840 2026 3895 sui
2057 3839 2241 3915 ipsius
2275 3841 2603 3921 designan-

372 3898 504 3976 dam
547 3930 821 4019 utantur,
868 3924 1238 3983 manifestum
1274 3934 1365 3982 est
1393 3942 1469 3980 ex
1509 3923 1597 3981 Ps.
1627 3925 1733 3996 42,
1763 3926 1822 3983 6.
1872 3925 1978 3995 43,
2010 3924 2069 3983 5.
2109 3922 2315 4000 (Quid
2354 3938 2604 3985 contur-

373 3999 538 4060 baris
581 4006 783 4062 anima
826 4026 984 4079 mea,
1041 4017 1104 4064 et
1149 4008 1536 4067 tumultuaris
1580 4008 1749 4086 apud
1788 4028 1877 4068 me
1893 4007 1959 4088 2)
2017 4018 2077 4066 et
2122 4008 2339 4068 'lhrem
2385 4012 2458 4082 3,
2491 4014 2600 4071 24.

368 4083 519 4144 Son
561 4106 692 4144 mea
732 4100 828 4148 cst
858 4091 1045 4165 Deus,
1088 4093 1239 4150 dicit
1275 4093 1477 4151 anima
1518 4111 1667 4150 mea.
1753 4103 1900 4155 rm&
1942 4094 2087 4180 ’ξ’ἾΝ
2112 4091 2403 4152 Dominae
2432 4114 2602 4155 meua

370 4179 436 4226 tu
483 4189 582 4245 ⁰⁸3
644 4182 734 4244 te,
783 4175 1021 4248 Jovam,
1066 4176 1252 4234 Deum
1298 4188 1357 4235 et
1399 4176 1695 4236 dominum
1738 4196 1774 4234 a
1813 4196 1901 4235 me
1943 4158 2246 4235 colendum
2288 4182 2598 4281 profiteor.

362 4253 433 4311 ln
466 4258 655 4314 verbis
690 4255 905 4348 ''5³23’-
921 4257 997 4324 ⁹2:
1043 4264 1241 4349 ’17:²²0
1283 4263 1391 4319 alii
1424 4282 1635 4321 nomen
1669 4264 1868 4323 ἼιἼΞἾῦ
1914 4263 2148 4334 activo,
2205 4265 2310 4323 alu
2325 4283 2601 4343 ,passivo

273 4362 277 4366 >
362 4340 671 4417 accipiunt.
757 4329 958 4404 Priore
967 4328 1182 4419 modo,
1222 4345 1450 4421 bonum,
1483 4346 1640 4426 quod
1667 4330 1799 4426 ipso
1814 4345 2057 4420 faciat,
2081 4349 2219 4411 sive
2248 4368 2289 4407 a
2322 4350 2601 4428 loquente
