2807 4913
813 326 938 393 Pe.
988 322 1156 413 124,
1211 322 1457 395 Βᾳ-ςὸ.
1555 327 1676 392 Ps.
1735 319 1894 389 ηδ.
2315 289 2463 401 631

419 509 484 569 2.
575 504 747 565 Hunc
772 503 1368 565 Versumchaldaeus
1414 506 1558 564 bene
1598 511 1680 565 ita
1719 508 2004 569 reddidit:
2062 504 2203 569 Nisi
2222 510 2466 585 fuisset

202 586 206 590 ⁶
243 592 481 653 verbum
507 592 764 665 Domini,
803 591 961 670 quod
984 590 1129 665 fuit
1161 593 1225 649 in
1256 591 1549 649 auxilium
1582 602 1873 667 nostrum,
1917 612 2091 671 quum
2125 595 2466 656 insurrexit

221 684 458 736 'contra
500 695 606 736 nos
648 674 833 734 homo.
922 672 998 755 5³2
1045 683 1156 758 1³¹²?
1204 672 1532 752 Insurgere
1575 687 1816 735 eontra
1831 678 2082 754 aliquem
2122 683 2316 739 animo
2356 682 2463 741 ho-

240 763 390 837 stili,
432 772 499 821 ut
537 765 600 835 3,
628 762 689 820 2.
734 759 837 836 54,
865 763 923 820 5.
964 761 1181 833 Jud.9,
1208 762 1303 816 18.
1389 761 1614 819 Nomen
1657 769 1784 824 07&
1828 763 2131 823 collective
2168 768 2460 866 accipien-

238 848 375 906 dum
407 867 549 919 esse,
592 849 801 906 docent
826 848 1094 923 pluralia,
1130 864 1273 960 quae
1300 855 1641 922 sequuntur,
1678 829 2190 963 deglutioissent,
2173 869 2262 908 rra
2293 853 2455 930 ipso-

240 951 392 1006 rum,
437 931 867 1013 abripuissent,
911 927 1012 987 Vs.
1041 930 1098 986 3.
1129 936 1188 989 4

410 1033 469 1093 3.
557 1048 662 1096 ‘tm
708 1043 797 1090 est
842 1030 1178 1091 adverbium
1220 1033 1495 1107 temporis
1553 1043 1661 1119 m,
1739 1049 1869 1089 cum
1913 1027 2023 1090 Jod
2078 1039 2451 1117 paragogico,

234 1119 520 1196 quomodo
563 1128 759 1175 tamen
800 1135 1084 1193 nusquam
1127 1117 1271 1172 alias
1312 1099 1629 1189 occurrit,
1666 1117 1782 1172 nisi
1820 1116 1930 1174 hoc
1961 1116 2053 1176 Ps.
2085 1122 2141 1178 3.
2171 1123 2230 1178 4.
2267 1121 2322 1178 5.
2369 1156 2452 1165 -—

236 1198 442 1288 ηἱιῧξε
499 1210 657 1264 own
718 1199 898 1260 Vives
954 1198 1411 1276 deglutivissent
1452 1219 1595 1274 nos,
1650 1201 1907 1259 nondum
1944 1214 2239 1278 mortuoS,
2294 1208 2448 1283 quod

235 1292 539 1345 saevitiam
584 1295 794 1366 auget,
850 1294 1148 1358 comparat
1196 1286 1350 1342 enim
1393 1303 1492 1342 eos
1543 1284 1684 1343 feris
1729 1285 1969 1359 belluis,
2036 1306 2182 1364 quae
2226 1302 2450 1366 captam
2507 1318 2518 1327 “

156 1370 164 1393 ³
226 1372 524 1471 praedam,
559 1382 864 1446 antequam
892 1369 1197 1441 moriatur,
1230 1368 1420 1427 adbuc
1451 1371 1742 1428 viventem
1770 1381 2017 1447 carpunt
2051 1380 2120 1429 ac
2150 1373 2447 1434 devorant.

227 1456 371 1530 Aut,
415 1458 580 1513 vivos
623 1456 771 1512 idem
803 1465 923 1528 est,
965 1472 1034 1510 ac
1064 1454 1116 1509 si
1147 1453 1363 1511 diceret
1391 1455 1678 1534 integros,
1716 1457 1781 1512 in
1811 1473 1931 1554 quo
1960 1476 2160 1515 eorum
2194 1457 2448 1518 avidita-

229 1552 347 1598 tem
377 1542 678 1616 expressit.
736 1538 828 1596 lta
858 1536 1036 1597 Prov.
1074 1540 1127 1610 1,
1168 1540 1254 1595 12.
1300 1537 1694 1615 deglutiamus
1728 1557 1829 1597 eos
1871 1540 2036 1599 siout
2075 1541 2445 1619 sepulchrum

214 1632 390 1706 ‚nun
418 1625 711 1698 viventes,
754 1630 821 1684 n
826 1633 1023 1685 mmm
1057 1631 1114 1679 et
1150 1623 1423 1699 integros
1453 1623 1616 1680 sieut
1644 1623 2114 1683 descendentes
2089 1646 2154 1684 tn
2172 1626 2442 1700 foveam.

400 1739 461 1791 4.
547 1731 776 1820 Ἱππεῦτῤ
819 1737 993 1812 hyan·
1029 1742 1136 1794 'tm
1172 1729 1340 1789 Tunc
1373 1750 1565 1810 aquae
1604 1710 1940 1791 obruissent
1983 1752 2111 1808 nos,
2152 1753 2267 1811 qua
2296 1737 2444 1793 ima-

231 1820 371 1900 gine
416 1819 510 1877 vel
561 1798 817 1876 hostium
866 1824 1093 1888 tumor,
1104 1795 1421 1892 superbia
1465 1827 1524 1874 et
1564 1818 1889 1893 petulantia
1929 1821 2313 1902 exprimitur,
2379 1829 2446 1877 ut

228 1903 404 1964 Prov.
432 1894 547 1977 27,
565 1896 628 1959 4.
674 1901 798 1990 (qn
841 1899 1025 1988 :qm-203)
1067 1902 1304 1976 Apocal.
1341 1904 1441 1974 12,
1474 1900 1603 1960 15.-
1587 1941 1606 1971 ,
1662 1904 1756 1960 vel
1799 1903 2094 1980 copiarum
2141 1903 2444 1962 hostilium

229 1992 477 2065 impetus
505 1998 564 2047 et
593 1972 889 2059 violentia,
934 2003 1077 2063 quae
1105 1996 1164 2043 et
1189 1986 1306 2044 Jes.
1329 1989 1391 2057 8,
1413 1989 1469 2044 7.
1490 1986 1546 2045 8.
1575 1985 1690 2044 Jer.
1706 1989 1811 2060 47,
1833 1989 1891 2044 2.
1923 1997 1983 2046 et
2012 1989 2157 2046 alias
2194 1989 2472 2046 torrenti.

230 2075 645 2150 rapidissimo,
713 2073 910 2139 omnia
953 2072 1272 2143 evertenti,
1341 2081 1398 2129 et
1449 2090 1643 2128 secum
1693 2072 2006 2147 abripienti
2050 2083 2441 2149 comparatur,

206 2160 480 2238 ‚imagine
503 2157 791 2216 Arabibus
816 2174 1041 2233 quoque
1072 2154 1365 2212 familiari.
1430 2167 1670 2255 ²1:270:-
1690 2150 1766 2219 3:29
1806 2165 1936 2217 '¹³:3²
1972 2152 2144 2249 ΠξΠζ
2176 2156 2441 2217 Tor-rens

227 2244 308 2321 (π
345 2244 779 2324 paragogicum,
821 2249 888 2297 ut
920 2238 1094 2297 Num.
1120 2240 1224 2310 34,
1255 2236 1343 2313 5.)
1388 2218 1769 2297 transmisse}
1815 2257 1997 2317 super
2036 2222 2290 2298 {mimam
2337 2259 2446 2299 no-

226 2337 455 2400 stram,
496 2345 606 2384 nos
641 2336 792 2385 esset
821 2341 1264 2402 supergressus,
1304 2322 1389 2383 cf.
1413 2326 1657 2383 similem
1683 2325 2093 2427 loquutionem
2128 2321 2440 2399 Ps.69,1.

224 2412 695 2472 Alexandrinus.
756 2407 1079 2493 χείμαῤῥον
1129 2403 1383 2489 διῆλθεν
1439 2404 1478 2490 ᾗ
1535 2404 1703 2492 ψυχὴ
1745 2405 1964 2487 ἡμῶν,
2020 2419 2078 2467 et
2125 2407 2440 2491 Vulgatus.

227 2505 558 2556 torrentem
591 2495 995 2575 pertransivit
1034 2495 1229 2553 anima
1265 2503 1501 2570 nostra,
1545 2497 1680 2554 coll.
1710 2494 1823 2555 Jes.
1852 2496 1959 2567 43,
1989 2497 2049 2554 2.
2121 2494 2225 2554 De
2263 2496 2439 2555 verbo

216 2591 356 2671 ’Ἱὲξ
393 2580 514 2640 vid.
555 2580 629 2640 ad
670 2579 762 2638 Pa.
791 2582 896 2653 42,
924 2580 985 2640 8.
1054 2583 1059 2587 ’

392 2679 452 2740 5.
534 2680 667 2740 Vid.
700 2691 822 2738 not.
853 2680 928 2740 ad
967 2682 1063 2752 10,
1098 2683 1197 2740 10.
1283 2678 1508 2740 Nomen
1542 2684 1734 2765 svm,
1787 2682 1886 2742 vel
1914 2682 2107 2766 potius
2139 2680 2280 2739 haec
2313 2682 2437 2755 ejus

206 2766 444 2839 forma,
483 2765 598 2825 hoc
622 2766 1024 2828 tantummodo
1058 2765 1189 2823 loco
1217 2768 1508 2838 occurrit,
1564 2783 1739 2842 quum
1772 2766 1923 2824 alias
1957 2768 2185 2825 dicatur
2221 2777 2295 2846 ἰζ
2336 2783 2437 2823 su-

220 2850 479 2953 perbus3
531 2848 823 2930 superbae
858 2867 998 2908 vero
1032 2861 1316 2909 vocantur
1345 2852 1573 2923 undae,
1614 2868 1761 2927 quae
1789 2870 2002 2933 magno
2031 2869 2162 2908 cum
2190 2852 2437 2926 strepitu

222 2937 614 2994 intumescunt
647 2936 950 3011 omniaque
980 2946 1252 2992 recusant
1281 2937 1599 3015 repagula,
1658 2937 1946 3013 quomodo
1992 2937 2094 3034 89,
2124 2937 2220 2992 10.
2261 2935 2436 2991 simili

220 3018 341 3078 fere
370 3020 541 3080 modo
573 3019 819 3079 dieitur:
865 3028 933 3077 tu
970 3018 1297 3078 dominaris
1336 3033 1532 3083 mma
1572 3021 1888 3100 superbiae
1924 3020 2131 3079 maris.
2191 3016 2282 3077 cf.
2311 3018 2438 3077 Job.

221 3107 480 3179 38,11.

396 3209 495 3266 6.
540 3205 717 3268 Redit
744 3199 819 3264 ad
850 3204 1264 3283 metaphoram,
1313 3225 1488 3284 supra
1519 3206 1619 3266 Vs.
1648 3209 1707 3266 3.
1737 3215 2091 3283 usurpatam,
2128 3204 2434 3284 pingitque

220 3293 438 3366 hostes,
478 3295 647 3369 quasi
670 3292 894 3349 feroces
925 3292 1179 3365 belluas,
1220 3303 1278 3349 et
1303 3291 1452 3350 fame
1478 3303 1880 3369 exasperatas,
1918 3309 2241 3370 magnaque
2271 3290 2432 3346 rabie

221 3382 282 3436 in
316 3378 586 3452 praedam
614 3375 917 3435 irruentes
976 3385 1092 3465 ’μη
1116 3375 1171 3435 h.
1201 3380 1238 3435 Ι.
1267 3378 1581 3457 permisit,
1607 3388 1675 3437 ut
1708 3377 1805 3450 16,
1828 3380 1922 3436 10.
1960 3375 2178 3449 55,23.
2213 3375 2351 3446 121,
2371 3373 2429 3430 3.

392 3487 449 3542 7.
535 3482 700 3542 Nihil
730 3479 1014 3543 infirmius
1045 3487 1271 3544 avicula
1303 3487 1524 3562 laqueis
1557 3488 1794 3561 aucupis
1829 3486 2044 3542 innexa
2071 3495 2245 3560 atque
2278 3484 2428 3539 irre-

220 3573 364 3630 tita:
406 3587 593 3647 neque
623 3572 775 3628 enim
808 3588 870 3627 se
895 3570 1028 3627 inde
1054 3572 1175 3627 ullo
1202 3569 1374 3628 modo
1407 3579 1597 3645 potest
1627 3572 1865 3645 eripere.
1903 3569 2029 3627 Sic
2060 3587 2185 3640 nos,
2215 3560 2425 3643 inquit,

159 3691 163 3695 -
222 3655 440 3716 infirmi
493 3672 757 3728 eramus,
814 3665 874 3711 et
915 3671 1070 3729 spem
1109 3673 1290 3730 paene
1335 3656 1542 3711 salutis
1577 3655 1987 3729 objeceramus.
2073 3653 2244 3712 Nunc
2284 3669 2424 3707 vero

219 3741 483 3798 contrito
506 3740 734 3815 laqueo,
779 3748 835 3797 et
868 3739 1122 3810 insidiis,
1163 3758 1305 3815 quas
1340 3741 1405 3796 in
1437 3756 1541 3795 nos
1570 3749 1917 3815 paraverant
1944 3738 2165 3812 hostes,
2193 3734 2428 3794 liberati

195 3841 439 3897 sumus,
480 3840 550 3880 ac
587 3825 905 3899 perieulum
944 3826 1248 3880 evasimus.

391 3933 452 3992 8.
533 3930 778 3993 Fatetur
808 3951 1034 3991 omnem
1066 3935 1308 3990 salutem
1339 3951 1504 3993 suam
1535 3913 1603 3991 ¹in
1628 3932 1742 3992 Dei
1768 3933 2052 4009 praesidio
2081 3933 2253 3988 sitam
2286 3946 2430 4001 esse,

221 4019 286 4074 iu
314 4019 479 4100 cujus
506 4036 683 4078 manu
712 4020 835 4077 sint
866 4018 1082 4092 omnia,
1130 4026 1324 4095 utpote
1354 4021 1456 4096 qui
1489 4020 1685 4079 omnia
1718 4017 2058 4077 condiderit.

1181 4204 1226 4261 P
1244 4223 1294 4264 s.
1345 4205 1480 4265 125.

391 4309 567 4371 Fidos
598 4314 772 4373 Jovae
809 4316 1066 4371 cultores
1094 4314 1290 4372 firmos
1319 4327 1377 4372 et
1414 4318 1681 4374 immotos
1719 4331 2121 4386 permansuros
2161 4311 2318 4367 canit
2355 4311 2417 4365 in

202 4395 489 4477 periculis
521 4409 578 4456 et
613 4397 1062 4457 adversitatibus
1094 4401 1393 4475 omnibus,
1445 4419 1628 4479 neque
1662 4400 2025 4458 metuendum
2065 4399 2137 4454 iis
2166 4414 2320 4467 esse,
2367 4400 2429 4449 ut
