2807 4913
970 282 1310 373 Pa.139‚
1376 304 1493 351 ια
1533 279 1645 347 ι3.
1898 250 1912 349 J
2278 279 2435 357 673

195 460 425 542 batur,
463 466 612 529 adeo
651 478 719 527 ιιι
752 470 847 529 vel
887 469 1039 530 mala
1077 478 1251 546 etque
1289 417 1657 529 incommoda
1696 462 1844 529 mibi
1876 484 2133 529 summas
2165 428 2427 532 laetitias

196 655 327 695 rum
359 639 749 713 praesentiam
777 637 1053 711 declaret,
1091 640 1212 714 jam
1240 641 1591 696 monuimus.

374 764 472 827 12.
558 761 922 854 -ΤὶῑᾲζιἿ-Νδ
957 763 1165 854 Ξῑτρπ·
1181 771 1250 827 ns
1283 764 1490 822 Etiam
1522 763 1719 840 caligo
1754 782 1872 825 non
1912 761 2218 823 obscuram
2239 765 2418 839 facit

196 865 280 905 sc.
307 849 615 935 quicquam
638 867 862 921 eorum,
909 868 1056 926 quae
1082 849 1235 913 facio
1262 858 1364 908 aut
1394 850 1615 927 cogito,
1647 856 1717 904 ut
1744 848 1951 908 Aben-
1966 848 2117 906 Esra
2143 853 2416 927 explicat,

195 950 372 1009 quum
391 933 635 991 'verbum
672 934 754 990 sit
784 935 1243 1005 intransitivum,
1283 942 1352 990 ιιι
1384 931 1527 1032 105,
1552 934 1653 993 28.
1734 934 1886 994 Alii:
1930 931 2206 992 tenebras
2232 933 2415 1007 facit

195 1018 236 1073 i.
265 1036 313 1073 e.
351 1017 594 1074 obscura
626 1016 711 1074 fit.
801 1017 890 1076 lta
920 1018 1382 1075 Alexandrinus:
1437 1005 1535 1077 ὅτι
1576 1010 1791 1089 σκότος
1833 1012 1906 1079 οὐ
1945 1012 2416 1101 σκοτισθήσεται

182 1094 319 1162 *cino*
352 1103 483 1162 σοῦ.
546 1100 634 1159 cf.
664 1118 811 1176 quae
838 1104 1102 1178 proxime
1139 1101 1210 1160 de
1238 1101 1417 1160 verbo
1447 1109 1597 1182 *¹³⁶3
1631 1102 2009 1161 monebimus.
2116 1113 2207 1191 ⁷27³.
2242 1105 2299 1164 A
2333 1113 2416 1181 te,

190 1187 234 1244 i.
262 1206 310 1243 e.
341 1187 483 1261 quin
514 1194 578 1242 tu
615 1186 936 1261 pervideas.
1020 1183 1241 1247 Eadem
1268 1186 1562 1243 sententia
1572 1168 1710 1243 Jer.
1740 1185 1845 1257 23,
1876 1188 1978 1244 24.
2018 1186 2146 1244 Jo.
2146 1169 2285 1258 34,
2307 1191 2411 1250 23.

188 1300 276 1312 -
317 1280 359 1331 ’Ἰ
367 1281 467 1330 ΝἿ
510 1270 768 1346 plerique
811 1271 1117 1327 transitive
1157 1271 1428 1343 capiunt:
1471 1267 1828 1326 illuminabit
1869 1287 1948 1326 sc.
1980 1288 2072 1327 me
2111 1270 2410 1348 latentem,

190 1362 251 1411 et
291 1335 517 1412 occul'ta
554 1372 682 1411 mea
721 1357 952 1426 omnia,
1007 1371 1174 1429 quem
1218 1355 1593 1411 transitivum
1620 1371 1854 1411 sensum
1892 1351 2070 1412 habet
2104 1353 2198 1411 Ps.
2222 1358 2321 1430 19,
2349 1361 2408 1416 9.

189 1436 365 1496 Prov.
390 1439 492 1509 29,
515 1438 611 1494 13.
695 1436 811 1496 Sed
848 1447 1043 1514 potest
1069 1447 1128 1495 et
1156 1439 1529 1497 intransitive
1558 1439 1738 1523 sumi,
1768 1447 1835 1496 ιιι
1863 1437 1966 1497 Es.
1994 1439 2099 1510 43,
2124 1438 2184 1495 2.
2234 1448 2410 1500 terra

188 1531 414 1583 mmm
452 1520 685 1578 lucebat
726 1539 766 1578 a
795 1516 1119 1600 splendore
1160 1519 1313 1594 ejus.
1397 1521 1502 1580 Sic
1540 1508 2000 1581 Alexandrinus.
2046 1519 2150 1583 καὶ
2186 1521 2295 1597 νὺξ
2329 1522 2410 1599 ὡς

183 1590 385 1687 ἡμέρα
429 1599 920 1685 φωτισθήσεται,
963 1616 1023 1664 et
1049 1606 1369 1685 vulgatus.
1414 1613 1478 1663 et
1515 1624 1638 1663 nox
1676 1606 1839 1665 sient
1879 1606 2009 1664 dies
2052 1605 2411 1673 illuminabi-

190 1699 317 1748 tur.
405 1688 605 1748 Verba
639 1694 853 1753 ΠἾἿΝΞ
907 1692 1142 1779 57:35212'17
1186 1689 1511 1750 Chaldaeus
1551 1699 1709 1749 recte
1748 1692 1965 1749 vertit.
2024 1698 2089 1749 et
2132 1692 2409 1752 tenebrae
2503 1690 2507 1694 Α

164 1782 253 1832 -et
310 1775 415 1831 lux
469 1761 741 1851 aequale’s
797 1784 941 1833 sunt
980 1759 1074 1835 'sc.
1108 1755 1265 1847 tibi,
1302 1775 1490 1837 ‚nullo
1537 1795 1574 1833 a
1619 1784 1678 1832 te
1721 1775 2055 1834 discrimine
2104 1773 2406 1836 habentur.

184 1857 418 1935 Duplex
449 1868 491 1918 3
496 1861 990 1958 exaequationis
1022 1866 1134 1933 est,
1178 1860 1252 1918 cf.
1281 1869 1405 1917 not.
1432 1858 1506 1917 ad
1541 1858 1636 1918 Ps.
1667 1860 1889 1934 58,10.
1974 1859 2405 1960 Alexandrinus

184 1945 393 2000 vertit·
463 1965 549 2014 ως
594 1943 664 2006 τὸ
710 1940 927 2016 σκότος
968 1937 1190 2024 ιιῦτῆς,
1260 1933 1450 2016 οἷ’τως
1501 1942 1605 2006 καὶ
1655 1938 1726 2005 τὸ
1787 1945 1924 2018 Φῶς
1979 1939 2203 2027 αὐτῆς,
2260 1948 2409 2026 legit

183 2037 493 2103 utrumque
526 2048 737 2088 nomen
766 2049 896 2089 cum
926 2028 1018 2088 He
1051 2030 1396 2105 mappicato,
1440 2032 1657 2127 ιπὙιΝξ
1701 2027 1988 2119 πξῆύπξ.
2417 2050 2424 2059 ·

360 2153 457 2211 13.
537 2153 660 2213 Nec
692 2157 938 2229 mirum,
985 2155 1039 2212 si
1076 2153 1225 2212 nihil
1258 2163 1317 2211 te
1361 2155 1543 2212 lateat
1578 2153 1729 2227 mei,
1770 2170 1948 2227 quum
1984 2132 2401 2214 secretissimae
2498 2212 2510 2223 ,

185 2239 448 2314 corporis
475 2241 590 2294 mei
618 2248 814 2313 partes
845 2250 979 2296 tuae
1012 2240 1156 2310 sint,
1200 2247 1261 2295 et
1292 2247 1457 2295 tuum
1487 2255 1650 2314 opus.
1731 2235 1982 2295 Verbum
2020 2248 2150 2336 Πῦρ
2163 2278 2184 2311 ,
2225 2257 2403 2313 quum

181 2324 470 2401 plerisque
512 2322 721 2398 quibus
758 2324 1015 2381 occurrit
1049 2324 1197 2380 locis
1241 2319 1578 2399 acquirere,
1617 2337 1828 2393 emere,
1861 2301 2177 2399 possidere
2211 2324 2404 2402 signi-

179 2408 334 2479 ficet,
353 2414 617 2464 nostrum
643 2408 835 2466 locum
861 2406 1013 2465 haud
1040 2407 1214 2484 pauci
1239 2407 1327 2465 sic
1353 2407 1679 2484 explicant.
1715 2404 1992 2484 possides
2023 2422 2197 2465 renes
2223 2424 2402 2483 meos,

181 2492 224 2550 i.
256 2510 304 2548 e.
340 2492 644 2565 imperium
676 2490 850 2550 habes
883 2494 1112 2568 plenum
1150 2494 1231 2560 in„
1250 2510 1355 2564 ea,
1414 2509 1559 2569 quae
1602 2491 1760 2549 intra
1781 2509 1890 2568 ,me
1929 2492 2162 2566 penitus
2197 2492 2402 2566 latent,

183 2576 360 2633 etiam
390 2577 454 2630 in
488 2574 918 2638 abstrusissima
944 2595 1092 2636 mea.
1165 2574 1284 2635 Sed
1308 2576 1429 2636 iuis
1461 2575 1801 2636 notionibus
1842 2573 2114 2653 parandi
2148 2594 2402 2653 quoque,
2497 2573 2501 2582 ’

182 2658 548 2734 creandique>
583 2655 936 2738 significatio
978 2659 1240 2721 addenda
1271 2669 1395 2733 est,
1453 2678 1569 2738 qua
1597 2659 1819 2717 adscita
1849 2676 1971 2718 non
1985 2656 2112 2717 *hoc
2140 2668 2400 2726 ιιιιιιιιιιι-

178 2745 352 2802 modo
394 2745 559 2817 loco,
620 2763 820 2805 verum
866 2754 924 2804 et
960 2744 1105 2803 Gen.
1139 2746 1240 2818 14,
1272 2745 1369 2803 19.
1394 2747 1496 2803 20.
1537 2742 1711 2803 Deut.
1740 2744 1846 2814 32,
1876 2744 1935 2800 6.
1976 2760 2178 2803 sensus
2208 2745 2399 2823 magis

176 2829 423 2887 idoneus
469 2830 776 2887 enascitur.
859 2828 1144 2888 Videntur
1199 2832 1262 2887 in
1314 2829 1563 2889 hebraeo
1618 2838 1695 2887 rt:
1672 2839 1746 2914 ‘R
1799 2824 2045 2887 duorum
2085 2827 2397 2887 verborum

166 2912 558 2982 ‘Arabicorum
592 2925 691 2997 Ἶιρ
729 2914 1057 2991 acquisivit
1099 2913 1238 2987 sibi,
1269 2913 1585 2994 possedit,
1639 2922 1698 2969 et
1738 2923 1857 2996 ιΝρ
1882 2910 2216 2985 formavit,
2255 2930 2398 2970 con-

176 2996 450 3054 cinnavit
488 2998 948 3076 significationes
978 3000 1284 3056 coaluisse.
1368 3000 1563 3068 Quare
1594 3006 1652 3054 et
1679 2996 1825 3055 Gen.
1849 2998 1914 3070 4,
1935 2996 1990 3056 1.
2032 3014 2244 3062 nomen
2284 3008 2398 3096 'pp

177 3080 255 3141 ad
295 3088 425 3168 5725>
450 3080 720 3139 refertur.
803 3079 1155 3141 Vertendum
1199 3084 1384 3165 igitur
1424 3102 1556 3143 cum
1594 3079 1780 3158 Syro.
1831 3079 1975 3160 quia
2016 3089 2085 3139 tu
2114 3082 2396 3160 parasti,

158 3146 469 3239 formasti
510 3184 683 3225 renes
724 3185 875 3225 meos
892 3206 913 3240 ‚
983 3167 1191 3245 quibus
1236 3178 1439 3229 notum
1484 3176 1573 3225 est
1615 3164 1894 3226 Hebraeis
1936 3165 2257 3241 significari
2304 3163 2395 3222 af-

175 3247 431 3307 fectuum
463 3260 520 3308 et
553 3251 981 3330 cogitationum
1009 3251 1225 3312 fontem
1257 3262 1315 3311 et
1348 3251 1634 3310 officinam
1665 3250 1813 3327 (vid.
1846 3249 1942 3307 Ps.
1971 3252 2030 3321 7,
2060 3252 2157 3308 10.
2198 3249 2302 3321 26,
2328 3250 2391 3307 2.

168 3331 679 3408 Prov.23,16.),
750 3354 897 3412 quae
939 3354 1117 3414 quum
1165 3336 1279 3395 Dei
1326 3339 1405 3395 sit
1449 3355 1629 3412 opus,
1687 3353 1808 3393 non
1851 3343 1940 3392 est
1972 3336 2221 3406 mirum,
2277 3334 2391 3410 ipsi

167 3417 386 3478 intima
420 3416 673 3477 hominis
698 3422 938 3499 cognita
969 3439 1112 3482 esse.
1169 3420 1616 3480 Hemistichium
1644 3420 1953 3496 posterius,
1994 3429 2159 3510 quz
2192 3428 2391 3508 ‘’³291'’

172 3512 299 3583 ’ἲξΝ
341 3499 666 3576 obtexisti,
708 3507 1023 3563 contexisti
1063 3523 1151 3561 me
1190 3505 1253 3561 in
1295 3515 1469 3561 utero
1513 3504 1731 3560 matris
1773 3519 1968 3574 meae,
2022 3520 2140 3559 non
2142 3482 2393 3559 intelli-

167 3585 430 3665 gendum
472 3596 564 3644 est
601 3587 670 3645 de
706 3591 1065 3663 protectione
1103 3597 1164 3647 et
1208 3588 1540 3647 defensione
1576 3585 1725 3660 Dei,
1785 3605 1963 3663 quum
1992 3603 2177 3645 sermo
2211 3587 2290 3644 sit
2321 3585 2391 3643 de

169 3671 325 3728 mira
359 3670 705 3731 formatione
735 3672 972 3731 foetus·
953 3692 1019 3731 ιιι
1053 3683 1219 3733 utero
1249 3683 1552 3745 materno,
1605 3672 1706 3729 sed
1733 3672 2025 3732 sententia
2051 3680 2141 3727 est
2173 3670 2393 3741 eadem,

170 3772 319 3829 quae
359 3752 487 3815 Job.
521 3757 623 3829 10,
660 3758 752 3814 11.
797 3767 933 3814 cute
976 3767 1040 3816 et
1082 3776 1265 3816 carne
1301 3757 1612 3815 vestivisti
1652 3774 1762 3830 me,
1799 3754 2030 3814 ossibus
2070 3771 2144 3811 ac
2188 3753 2411 3826 nervis

173 3843 432 3934 'qzzivn
493 3841 866 3901 contexuisti
915 3862 1039 3914 me,
1104 3851 1389 3919 tanquam
1448 3849 1805 3899 structuram
1854 3838 2390 3897 elaboratissimam.

170 3904 350 3980 Recte
376 3908 580 3983 nostra
611 3926 786 3984 verba
815 3924 1135 3986 Chaldaeus
1162 3926 1451 3986 reddidit:
1498 3925 1755 3986 texuisti
1792 3940 1884 4004 me
1918 3923 1982 3980 in
2023 3928 2227 3979 ventre
2265 3938 2392 3977 ma-

173 4003 296 4060 tris
336 4025 527 4082 meae,
583 4029 641 4087 q.
670 4008 728 4068 d.
769 4019 832 4067 tu
872 4011 1117 4070 mirifice
1158 4011 1222 4069 in
1253 4020 1457 4072 ventre
1494 4011 1742 4081 matris,
1785 4011 1941 4070 sicut
1976 4015 2174 4066 textor
2212 4007 2391 4063 telam

168 4083 290 4165 (est
326 4093 481 4149 enim
519 4094 703 4153 chald.
735 4095 1015 4187 ΝΩἿι-πρη
1055 4096 1175 4153 tela
1216 4090 1501 4172 textum),
1540 4094 1796 4152 membra
1824 4109 1951 4149 mea
1979 4090 2210 4150 mixtim
2241 4090 2389 4147 arti·

165 4170 365 4230 ficiose
409 4181 649 4249 texuisti
690 4191 750 4239 et
790 4161 1187 4257 composuisti.
1276 4177 1675 4278 Protegendi,
1733 4175 2008 4235 tuendive
2055 4172 2390 4276 significatu

162 4257 404 4318 verbum
450 4269 587 4348 :720
629 4267 779 4339 cepit
816 4265 1301 4338 Alexandrinus,
1330 4267 1435 4342 qui
1478 4252 1816 4343 α’ντελάβου
1857 4280 1978 4338 μου
2022 4256 2088 4324 ἐκ
2130 4251 2389 4337 γαστρὸς
2472 4304 2480 4312 .

158 4334 390 4485 μηὶρός
421 4366 547 4420 μου
583 4350 796 4428 vertit,
837 4360 898 4408 et
932 4349 1072 4420 hinc
1108 4347 1428 4430 vulgatus,
1462 4359 1681 4426 atque.
1664 4347 1892 4423 Syrus:
1936 4343 2263 4424 suscepisti
2301 4358 2390 4398 me

289 4429 477 4488 salmi.
1675 4429 1732 4491 U
1761 4449 1799 4489 u
